Time,BidPrice1,BidVolume1,BidPrice2,BidVolume2,BidPrice3,BidVolume3,BidPrice4,BidVolume4,BidPrice5,BidVolume5,BidPrice6,BidVolume6,BidPrice7,BidVolume7,BidPrice8,BidVolume8,BidPrice9,BidVolume9,BidPriceA,BidVolumeA,BidPrice11,BidVolume11,BidPrice12,BidVolume12,BidPrice13,BidVolume13,BidPrice14,BidVolume14,BidPrice15,BidVolume15,BidPrice16,BidVolume16,BidPrice17,BidVolume17,BidPrice18,BidVolume18,BidPrice19,BidVolume19,BidPrice20,BidVolume20,OfferPrice1,OfferVolume1,OfferPrice2,OfferVolume2,OfferPrice3,OfferVolume3,OfferPrice4,OfferVolume4,OfferPrice5,OfferVolume5,OfferPrice6,OfferVolume6,OfferPrice7,OfferVolume7,OfferPrice8,OfferVolume8,OfferPrice9,OfferVolume9,OfferPriceA,OfferVolumeA,OfferPrice11,OfferVolume11,OfferPrice12,OfferVolume12,OfferPrice13,OfferVolume13,OfferPrice14,OfferVolume14,OfferPrice15,OfferVolume15,OfferPrice16,OfferVolume16,OfferPrice17,OfferVolume17,OfferPrice18,OfferVolume18,OfferPrice19,OfferVolume19,OfferPrice20,OfferVolume20
09:30:00.200,6.82,1000.0,6.81,21000.0,6.8,3700.0,6.79,500.0,6.78,4500.0,6.77,100.0,6.76,11000.0,6.75,21200.0,6.74,5000.0,6.73,3400.0,6.72,4000.0,6.71,3000.0,6.7,76200.0,6.68,2600.0,6.67,6000.0,6.66,1500.0,6.65,37600.0,6.64,12200.0,6.63,400.0,6.62,3000.0,6.84,17900.0,6.85,20400.0,6.86,3800.0,6.88,27900.0,6.89,22000.0,6.9,102900.0,6.91,13400.0,6.92,28200.0,6.93,8000.0,6.94,3800.0,6.95,43300.0,6.96,13600.0,6.97,10800.0,6.98,56000.0,6.99,43700.0,7.0,307500.0,7.01,13900.0,7.02,22600.0,7.03,3400.0,7.04,2500.0
09:30:00.200,6.82,1000.0,6.81,21000.0,6.8,3700.0,6.79,500.0,6.78,4500.0,6.77,100.0,6.76,11000.0,6.75,21200.0,6.74,5000.0,6.73,3400.0,6.72,4000.0,6.71,3000.0,6.7,76200.0,6.68,2600.0,6.67,6000.0,6.66,1500.0,6.65,37600.0,6.64,12200.0,6.63,400.0,6.62,3000.0,6.84,17800.0,6.85,20400.0,6.86,3800.0,6.88,27900.0,6.89,22000.0,6.9,102900.0,6.91,13400.0,6.92,28200.0,6.93,8000.0,6.94,3800.0,6.95,43300.0,6.96,13600.0,6.97,10800.0,6.98,56000.0,6.99,43700.0,7.0,307500.0,7.01,13900.0,7.02,22600.0,7.03,3400.0,7.04,2500.0
09:30:00.200,6.82,1000.0,6.81,21000.0,6.8,3700.0,6.79,500.0,6.78,4500.0,6.77,100.0,6.76,11000.0,6.75,21200.0,6.74,5000.0,6.73,3400.0,6.72,4000.0,6.71,3000.0,6.7,76200.0,6.68,2600.0,6.67,6000.0,6.66,1500.0,6.65,37600.0,6.64,12200.0,6.63,400.0,6.62,3000.0,6.84,17000.0,6.85,20400.0,6.86,3800.0,6.88,27900.0,6.89,22000.0,6.9,102900.0,6.91,13400.0,6.92,28200.0,6.93,8000.0,6.94,3800.0,6.95,43300.0,6.96,13600.0,6.97,10800.0,6.98,56000.0,6.99,43700.0,7.0,307500.0,7.01,13900.0,7.02,22600.0,7.03,3400.0,7.04,2500.0
09:30:00.200,6.82,1000.0,6.81,21000.0,6.8,3700.0,6.79,500.0,6.78,4500.0,6.77,100.0,6.76,11000.0,6.75,21200.0,6.74,5000.0,6.73,3400.0,6.72,4000.0,6.71,3000.0,6.7,76200.0,6.68,2600.0,6.67,6000.0,6.66,1500.0,6.65,37600.0,6.64,12200.0,6.63,400.0,6.62,3000.0,6.84,14500.0,6.85,20400.0,6.86,3800.0,6.88,27900.0,6.89,22000.0,6.9,102900.0,6.91,13400.0,6.92,28200.0,6.93,8000.0,6.94,3800.0,6.95,43300.0,6.96,13600.0,6.97,10800.0,6.98,56000.0,6.99,43700.0,7.0,307500.0,7.01,13900.0,7.02,22600.0,7.03,3400.0,7.04,2500.0
09:30:00.200,6.82,1000.0,6.81,21000.0,6.8,3700.0,6.79,500.0,6.78,4500.0,6.77,100.0,6.76,11000.0,6.75,21200.0,6.74,5000.0,6.73,3400.0,6.72,4000.0,6.71,3000.0,6.7,76200.0,6.68,2600.0,6.67,6000.0,6.66,1500.0,6.65,37600.0,6.64,12200.0,6.63,400.0,6.62,3000.0,6.84,12000.0,6.85,20400.0,6.86,3800.0,6.88,27900.0,6.89,22000.0,6.9,102900.0,6.91,13400.0,6.92,28200.0,6.93,8000.0,6.94,3800.0,6.95,43300.0,6.96,13600.0,6.97,10800.0,6.98,56000.0,6.99,43700.0,7.0,307500.0,7.01,13900.0,7.02,22600.0,7.03,3400.0,7.04,2500.0
09:30:00.200,6.82,1000.0,6.81,21000.0,6.8,3700.0,6.79,500.0,6.78,4500.0,6.77,100.0,6.76,11000.0,6.75,21200.0,6.74,5000.0,6.73,3400.0,6.72,4000.0,6.71,3000.0,6.7,76200.0,6.68,2600.0,6.67,6000.0,6.66,1500.0,6.65,37600.0,6.64,12200.0,6.63,400.0,6.62,3000.0,6.84,11000.0,6.85,20400.0,6.86,3800.0,6.88,27900.0,6.89,22000.0,6.9,102900.0,6.91,13400.0,6.92,28200.0,6.93,8000.0,6.94,3800.0,6.95,43300.0,6.96,13600.0,6.97,10800.0,6.98,56000.0,6.99,43700.0,7.0,307500.0,7.01,13900.0,7.02,22600.0,7.03,3400.0,7.04,2500.0
09:30:00.200,6.82,1000.0,6.81,21000.0,6.8,3700.0,6.79,500.0,6.78,4500.0,6.77,100.0,6.76,11000.0,6.75,21200.0,6.74,5000.0,6.73,3400.0,6.72,4000.0,6.71,3000.0,6.7,76200.0,6.68,2600.0,6.67,6000.0,6.66,1500.0,6.65,37600.0,6.64,12200.0,6.63,400.0,6.62,3000.0,6.84,10100.0,6.85,20400.0,6.86,3800.0,6.88,27900.0,6.89,22000.0,6.9,102900.0,6.91,13400.0,6.92,28200.0,6.93,8000.0,6.94,3800.0,6.95,43300.0,6.96,13600.0,6.97,10800.0,6.98,56000.0,6.99,43700.0,7.0,307500.0,7.01,13900.0,7.02,22600.0,7.03,3400.0,7.04,2500.0
09:30:00.200,6.82,1000.0,6.81,21000.0,6.8,3700.0,6.79,500.0,6.78,4500.0,6.77,100.0,6.76,11000.0,6.75,21200.0,6.74,5000.0,6.73,3400.0,6.72,4000.0,6.71,3000.0,6.7,76200.0,6.68,2600.0,6.67,6000.0,6.66,1500.0,6.65,37600.0,6.64,12200.0,6.63,400.0,6.62,3000.0,6.84,9200.0,6.85,20400.0,6.86,3800.0,6.88,27900.0,6.89,22000.0,6.9,102900.0,6.91,13400.0,6.92,28200.0,6.93,8000.0,6.94,3800.0,6.95,43300.0,6.96,13600.0,6.97,10800.0,6.98,56000.0,6.99,43700.0,7.0,307500.0,7.01,13900.0,7.02,22600.0,7.03,3400.0,7.04,2500.0
09:30:00.200,6.82,1000.0,6.81,21000.0,6.8,3700.0,6.79,500.0,6.78,4500.0,6.77,100.0,6.76,11000.0,6.75,21200.0,6.74,5000.0,6.73,3400.0,6.72,4000.0,6.71,3000.0,6.7,76200.0,6.68,2600.0,6.67,6000.0,6.66,1500.0,6.65,37600.0,6.64,12200.0,6.63,400.0,6.62,3000.0,6.84,9000.0,6.85,20400.0,6.86,3800.0,6.88,27900.0,6.89,22000.0,6.9,102900.0,6.91,13400.0,6.92,28200.0,6.93,8000.0,6.94,3800.0,6.95,43300.0,6.96,13600.0,6.97,10800.0,6.98,56000.0,6.99,43700.0,7.0,307500.0,7.01,13900.0,7.02,22600.0,7.03,3400.0,7.04,2500.0
09:30:00.200,6.82,1000.0,6.81,21000.0,6.8,3700.0,6.79,500.0,6.78,4500.0,6.77,100.0,6.76,11000.0,6.75,21200.0,6.74,5000.0,6.73,3400.0,6.72,4000.0,6.71,3000.0,6.7,76200.0,6.68,2600.0,6.67,6000.0,6.66,1500.0,6.65,37600.0,6.64,12200.0,6.63,400.0,6.62,3000.0,6.84,8000.0,6.85,20400.0,6.86,3800.0,6.88,27900.0,6.89,22000.0,6.9,102900.0,6.91,13400.0,6.92,28200.0,6.93,8000.0,6.94,3800.0,6.95,43300.0,6.96,13600.0,6.97,10800.0,6.98,56000.0,6.99,43700.0,7.0,307500.0,7.01,13900.0,7.02,22600.0,7.03,3400.0,7.04,2500.0
09:30:00.200,6.82,1000.0,6.81,21000.0,6.8,3700.0,6.79,500.0,6.78,4500.0,6.77,100.0,6.76,11000.0,6.75,21200.0,6.74,5000.0,6.73,3400.0,6.72,4000.0,6.71,3000.0,6.7,76200.0,6.68,2600.0,6.67,6000.0,6.66,1500.0,6.65,37600.0,6.64,12200.0,6.63,400.0,6.62,3000.0,6.84,7600.0,6.85,20400.0,6.86,3800.0,6.88,27900.0,6.89,22000.0,6.9,102900.0,6.91,13400.0,6.92,28200.0,6.93,8000.0,6.94,3800.0,6.95,43300.0,6.96,13600.0,6.97,10800.0,6.98,56000.0,6.99,43700.0,7.0,307500.0,7.01,13900.0,7.02,22600.0,7.03,3400.0,7.04,2500.0
09:30:00.260,6.82,1000.0,6.81,21000.0,6.8,3700.0,6.79,500.0,6.78,4500.0,6.77,100.0,6.76,11000.0,6.75,21200.0,6.74,5000.0,6.73,3400.0,6.72,4000.0,6.71,3000.0,6.7,76200.0,6.68,2600.0,6.67,6000.0,6.66,1500.0,6.65,37600.0,6.64,12200.0,6.63,400.0,6.62,3000.0,6.84,7600.0,6.85,20400.0,6.86,3800.0,6.88,27900.0,6.89,22000.0,6.9,102900.0,6.91,13400.0,6.92,28200.0,6.93,8000.0,6.94,3800.0,6.95,43300.0,6.96,13600.0,6.97,10800.0,6.98,56000.0,6.99,43700.0,7.0,307500.0,7.01,13900.0,7.02,22600.0,7.03,3400.0,7.04,2500.0
09:30:00.330,6.82,1000.0,6.81,21000.0,6.8,3700.0,6.79,500.0,6.78,4500.0,6.77,100.0,6.76,11000.0,6.75,21200.0,6.74,5000.0,6.73,3400.0,6.72,4000.0,6.71,3000.0,6.7,76200.0,6.68,2600.0,6.67,6000.0,6.66,1500.0,6.65,37600.0,6.64,12200.0,6.63,400.0,6.62,3000.0,6.84,7600.0,6.85,20400.0,6.86,3800.0,6.88,27900.0,6.89,22000.0,6.9,102900.0,6.91,13400.0,6.92,28200.0,6.93,8000.0,6.94,3800.0,6.95,43300.0,6.96,13600.0,6.97,10800.0,6.98,56000.0,6.99,43700.0,7.0,307500.0,7.01,13900.0,7.02,22600.0,7.03,3400.0,7.04,2500.0
09:30:00.330,6.82,1000.0,6.81,21000.0,6.8,3700.0,6.79,500.0,6.78,4500.0,6.77,100.0,6.76,11000.0,6.75,21200.0,6.74,5000.0,6.73,3400.0,6.72,4000.0,6.71,3000.0,6.7,76200.0,6.68,2600.0,6.67,6000.0,6.66,1500.0,6.65,37600.0,6.64,12200.0,6.63,400.0,6.62,3000.0,6.84,7600.0,6.85,20400.0,6.86,3800.0,6.88,27900.0,6.89,22000.0,6.9,103900.0,6.91,13400.0,6.92,28200.0,6.93,8000.0,6.94,3800.0,6.95,43300.0,6.96,13600.0,6.97,10800.0,6.98,56000.0,6.99,43700.0,7.0,307500.0,7.01,13900.0,7.02,22600.0,7.03,3400.0,7.04,2500.0
09:30:00.390,6.82,1000.0,6.81,21000.0,6.8,3700.0,6.79,500.0,6.78,4500.0,6.77,100.0,6.76,11000.0,6.75,21200.0,6.74,5000.0,6.73,3400.0,6.72,4000.0,6.71,3000.0,6.7,76200.0,6.68,2600.0,6.67,6000.0,6.66,1500.0,6.65,37600.0,6.64,12200.0,6.63,400.0,6.62,3000.0,6.84,3000.0,6.85,20400.0,6.86,3800.0,6.88,27900.0,6.89,22000.0,6.9,103900.0,6.91,13400.0,6.92,28200.0,6.93,8000.0,6.94,3800.0,6.95,43300.0,6.96,13600.0,6.97,10800.0,6.98,56000.0,6.99,43700.0,7.0,307500.0,7.01,13900.0,7.02,22600.0,7.03,3400.0,7.04,2500.0
09:30:00.390,6.82,1000.0,6.81,21000.0,6.8,3700.0,6.79,500.0,6.78,4500.0,6.77,100.0,6.76,11000.0,6.75,21200.0,6.74,5000.0,6.73,3400.0,6.72,4000.0,6.71,3000.0,6.7,76200.0,6.68,2600.0,6.67,6000.0,6.66,1500.0,6.65,37600.0,6.64,12200.0,6.63,400.0,6.62,3000.0,6.84,2500.0,6.85,20400.0,6.86,3800.0,6.88,27900.0,6.89,22000.0,6.9,103900.0,6.91,13400.0,6.92,28200.0,6.93,8000.0,6.94,3800.0,6.95,43300.0,6.96,13600.0,6.97,10800.0,6.98,56000.0,6.99,43700.0,7.0,307500.0,7.01,13900.0,7.02,22600.0,7.03,3400.0,7.04,2500.0
09:30:00.390,6.82,1000.0,6.81,21000.0,6.8,3700.0,6.79,500.0,6.78,4500.0,6.77,100.0,6.76,11000.0,6.75,21200.0,6.74,5000.0,6.73,18400.0,6.72,4000.0,6.71,3000.0,6.7,76200.0,6.68,2600.0,6.67,6000.0,6.66,1500.0,6.65,37600.0,6.64,12200.0,6.63,400.0,6.62,3000.0,6.84,2500.0,6.85,20400.0,6.86,3800.0,6.88,27900.0,6.89,22000.0,6.9,103900.0,6.91,13400.0,6.92,28200.0,6.93,8000.0,6.94,3800.0,6.95,43300.0,6.96,13600.0,6.97,10800.0,6.98,56000.0,6.99,43700.0,7.0,307500.0,7.01,13900.0,7.02,22600.0,7.03,3400.0,7.04,2500.0
09:30:00.390,6.82,1000.0,6.81,21000.0,6.8,3700.0,6.79,500.0,6.78,4500.0,6.77,100.0,6.76,11000.0,6.75,21200.0,6.74,5000.0,6.73,18400.0,6.72,4000.0,6.71,3000.0,6.7,76200.0,6.68,2600.0,6.67,6000.0,6.66,1500.0,6.65,37600.0,6.64,12200.0,6.63,400.0,6.62,3000.0,6.84,2500.0,6.85,20400.0,6.86,3800.0,6.88,27900.0,6.89,22000.0,6.9,103900.0,6.91,13400.0,6.92,28200.0,6.93,8000.0,6.94,3800.0,6.95,43300.0,6.96,13600.0,6.97,10800.0,6.98,56000.0,6.99,43700.0,7.0,308500.0,7.01,13900.0,7.02,22600.0,7.03,3400.0,7.04,2500.0
09:30:00.390,6.82,1000.0,6.81,21000.0,6.8,3700.0,6.79,500.0,6.78,4500.0,6.77,100.0,6.76,11000.0,6.75,21200.0,6.74,5000.0,6.73,18400.0,6.72,4000.0,6.71,3000.0,6.7,76200.0,6.68,2600.0,6.67,6000.0,6.66,1500.0,6.65,37600.0,6.64,12200.0,6.63,400.0,6.62,3000.0,6.84,2500.0,6.85,20400.0,6.86,3800.0,6.88,27900.0,6.89,22000.0,6.9,103900.0,6.91,13400.0,6.92,28500.0,6.93,8000.0,6.94,3800.0,6.95,43300.0,6.96,13600.0,6.97,10800.0,6.98,56000.0,6.99,43700.0,7.0,308500.0,7.01,13900.0,7.02,22600.0,7.03,3400.0,7.04,2500.0
09:30:00.390,6.82,1000.0,6.81,21000.0,6.8,3700.0,6.79,500.0,6.78,4500.0,6.77,100.0,6.76,11000.0,6.75,21200.0,6.74,5000.0,6.73,18400.0,6.72,4000.0,6.71,3000.0,6.7,76200.0,6.68,2600.0,6.67,6000.0,6.66,1500.0,6.65,37600.0,6.64,12200.0,6.63,400.0,6.62,3000.0,6.84,2500.0,6.85,20400.0,6.86,3800.0,6.88,27900.0,6.89,22000.0,6.9,103900.0,6.91,13400.0,6.92,28500.0,6.93,8000.0,6.94,3800.0,6.95,43300.0,6.96,13600.0,6.97,10800.0,6.98,56000.0,6.99,43700.0,7.0,308500.0,7.01,13900.0,7.02,22600.0,7.03,3400.0,7.04,2500.0
09:30:00.510,6.82,1000.0,6.81,21000.0,6.8,3700.0,6.79,500.0,6.78,4500.0,6.77,100.0,6.76,11000.0,6.75,21200.0,6.74,5000.0,6.73,18400.0,6.72,4000.0,6.71,3000.0,6.7,76200.0,6.68,2600.0,6.67,6000.0,6.66,1500.0,6.65,37600.0,6.64,12200.0,6.63,400.0,6.62,3000.0,6.84,2500.0,6.85,20400.0,6.86,3800.0,6.88,27900.0,6.89,22000.0,6.9,103900.0,6.91,13400.0,6.92,28500.0,6.93,8000.0,6.94,3800.0,6.95,43300.0,6.96,13600.0,6.97,10800.0,6.98,56000.0,6.99,44100.0,7.0,308500.0,7.01,13900.0,7.02,22600.0,7.03,3400.0,7.04,2500.0
09:30:00.510,6.82,1000.0,6.81,21000.0,6.8,3700.0,6.79,500.0,6.78,4500.0,6.77,100.0,6.76,11000.0,6.75,21200.0,6.74,5000.0,6.73,18400.0,6.72,4000.0,6.71,3000.0,6.7,76200.0,6.68,2600.0,6.67,6000.0,6.66,1500.0,6.65,37600.0,6.64,12200.0,6.63,400.0,6.62,3000.0,6.84,2500.0,6.85,20400.0,6.86,3800.0,6.87,1300.0,6.88,27900.0,6.89,22000.0,6.9,103900.0,6.91,13400.0,6.92,28500.0,6.93,8000.0,6.94,3800.0,6.95,43300.0,6.96,13600.0,6.97,10800.0,6.98,56000.0,6.99,44100.0,7.0,308500.0,7.01,13900.0,7.02,22600.0,7.03,3400.0
09:30:00.510,6.82,1700.0,6.81,21000.0,6.8,3700.0,6.79,500.0,6.78,4500.0,6.77,100.0,6.76,11000.0,6.75,21200.0,6.74,5000.0,6.73,18400.0,6.72,4000.0,6.71,3000.0,6.7,76200.0,6.68,2600.0,6.67,6000.0,6.66,1500.0,6.65,37600.0,6.64,12200.0,6.63,400.0,6.62,3000.0,6.84,2500.0,6.85,20400.0,6.86,3800.0,6.87,1300.0,6.88,27900.0,6.89,22000.0,6.9,103900.0,6.91,13400.0,6.92,28500.0,6.93,8000.0,6.94,3800.0,6.95,43300.0,6.96,13600.0,6.97,10800.0,6.98,56000.0,6.99,44100.0,7.0,308500.0,7.01,13900.0,7.02,22600.0,7.03,3400.0
09:30:00.510,6.82,1700.0,6.81,21000.0,6.8,3700.0,6.79,500.0,6.78,4500.0,6.77,100.0,6.76,11000.0,6.75,21200.0,6.74,5000.0,6.73,18400.0,6.72,4000.0,6.71,3000.0,6.7,76200.0,6.68,2600.0,6.67,6000.0,6.66,1500.0,6.65,37600.0,6.64,12200.0,6.63,400.0,6.62,3000.0,6.84,2500.0,6.85,20400.0,6.86,3800.0,6.87,1300.0,6.88,27900.0,6.89,22000.0,6.9,103900.0,6.91,13400.0,6.92,28500.0,6.93,8000.0,6.94,3800.0,6.95,43300.0,6.96,15800.0,6.97,10800.0,6.98,56000.0,6.99,44100.0,7.0,308500.0,7.01,13900.0,7.02,22600.0,7.03,3400.0
09:30:00.510,6.82,1700.0,6.81,21000.0,6.8,3700.0,6.79,500.0,6.78,4500.0,6.77,100.0,6.76,11000.0,6.75,21200.0,6.74,5000.0,6.73,18400.0,6.72,4000.0,6.71,3000.0,6.7,76200.0,6.68,2600.0,6.67,6000.0,6.66,1500.0,6.65,37600.0,6.64,12200.0,6.63,400.0,6.62,3000.0,6.84,2500.0,6.85,20400.0,6.86,3800.0,6.87,1300.0,6.88,27900.0,6.89,22000.0,6.9,103900.0,6.91,13400.0,6.92,28500.0,6.93,8000.0,6.94,3800.0,6.95,43300.0,6.96,15800.0,6.97,10800.0,6.98,56000.0,6.99,44100.0,7.0,308500.0,7.01,13900.0,7.02,22600.0,7.03,3400.0
09:30:00.510,6.82,1700.0,6.81,21000.0,6.8,3700.0,6.79,500.0,6.78,4500.0,6.77,100.0,6.76,11000.0,6.75,21200.0,6.74,5000.0,6.73,18400.0,6.72,4000.0,6.71,3000.0,6.7,76200.0,6.68,2600.0,6.67,6000.0,6.66,1500.0,6.65,37600.0,6.64,12200.0,6.63,400.0,6.62,3000.0,6.84,2500.0,6.85,20400.0,6.86,3800.0,6.87,1300.0,6.88,35100.0,6.89,22000.0,6.9,103900.0,6.91,13400.0,6.92,28500.0,6.93,8000.0,6.94,3800.0,6.95,43300.0,6.96,15800.0,6.97,10800.0,6.98,56000.0,6.99,44100.0,7.0,308500.0,7.01,13900.0,7.02,22600.0,7.03,3400.0
09:30:00.510,6.82,1700.0,6.81,21000.0,6.8,3700.0,6.79,500.0,6.78,4500.0,6.77,100.0,6.76,11000.0,6.75,21200.0,6.74,5000.0,6.73,18400.0,6.72,4000.0,6.71,3000.0,6.7,76200.0,6.68,2600.0,6.67,6000.0,6.66,1500.0,6.65,37600.0,6.64,12200.0,6.63,400.0,6.62,3000.0,6.84,2500.0,6.85,20400.0,6.86,3800.0,6.87,1300.0,6.88,35100.0,6.89,24100.0,6.9,103900.0,6.91,13400.0,6.92,28500.0,6.93,8000.0,6.94,3800.0,6.95,43300.0,6.96,15800.0,6.97,10800.0,6.98,56000.0,6.99,44100.0,7.0,308500.0,7.01,13900.0,7.02,22600.0,7.03,3400.0
09:30:00.510,6.82,1700.0,6.81,21000.0,6.8,3700.0,6.79,500.0,6.78,4500.0,6.77,100.0,6.76,11000.0,6.75,21200.0,6.74,5000.0,6.73,18400.0,6.72,4000.0,6.71,3000.0,6.7,76200.0,6.68,2600.0,6.67,6000.0,6.66,1500.0,6.65,37600.0,6.64,12200.0,6.63,400.0,6.62,3000.0,6.84,2500.0,6.85,20400.0,6.86,3800.0,6.87,1300.0,6.88,35100.0,6.89,24100.0,6.9,103900.0,6.91,13400.0,6.92,28500.0,6.93,8000.0,6.94,3800.0,6.95,43300.0,6.96,15800.0,6.97,10800.0,6.98,56000.0,6.99,44100.0,7.0,314400.0,7.01,13900.0,7.02,22600.0,7.03,3400.0
09:30:00.510,6.82,1700.0,6.81,21000.0,6.8,3700.0,6.79,500.0,6.78,4500.0,6.77,100.0,6.76,11000.0,6.75,21200.0,6.74,5000.0,6.73,18400.0,6.72,4000.0,6.71,3000.0,6.7,76200.0,6.68,2600.0,6.67,6000.0,6.66,1500.0,6.65,37600.0,6.64,12200.0,6.63,400.0,6.62,3000.0,6.84,2500.0,6.85,20400.0,6.86,3800.0,6.87,1300.0,6.88,35100.0,6.89,24100.0,6.9,103900.0,6.91,13400.0,6.92,28500.0,6.93,8000.0,6.94,3800.0,6.95,43300.0,6.96,15800.0,6.97,10800.0,6.98,56000.0,6.99,44100.0,7.0,314400.0,7.01,13900.0,7.02,22600.0,7.03,3400.0
09:30:00.660,6.82,1700.0,6.81,21000.0,6.8,3700.0,6.79,500.0,6.78,4500.0,6.77,100.0,6.76,11000.0,6.75,21200.0,6.74,5000.0,6.73,18400.0,6.72,4000.0,6.71,3000.0,6.7,76200.0,6.68,2600.0,6.67,6000.0,6.66,1500.0,6.65,37600.0,6.64,12200.0,6.63,400.0,6.62,3000.0,6.84,2500.0,6.85,20400.0,6.86,3800.0,6.87,1300.0,6.88,35100.0,6.89,24100.0,6.9,103900.0,6.91,13400.0,6.92,28500.0,6.93,8000.0,6.94,3800.0,6.95,43300.0,6.96,15800.0,6.97,10800.0,6.98,56000.0,6.99,44100.0,7.0,314400.0,7.01,13900.0,7.02,22600.0,7.03,3400.0
09:30:00.660,6.82,1700.0,6.81,21000.0,6.8,3700.0,6.79,500.0,6.78,4500.0,6.77,100.0,6.76,11000.0,6.75,21200.0,6.74,5000.0,6.73,18400.0,6.72,4000.0,6.71,3000.0,6.7,76200.0,6.68,2600.0,6.67,6000.0,6.66,1500.0,6.65,37600.0,6.64,12200.0,6.63,400.0,6.62,3000.0,6.84,2500.0,6.85,20400.0,6.86,3800.0,6.87,1300.0,6.88,35100.0,6.89,24100.0,6.9,103900.0,6.91,13400.0,6.92,28500.0,6.93,8000.0,6.94,3800.0,6.95,43300.0,6.96,15800.0,6.97,10800.0,6.98,56000.0,6.99,44100.0,7.0,314400.0,7.01,13900.0,7.02,22600.0,7.03,3400.0
09:30:00.660,6.82,1700.0,6.81,21000.0,6.8,3700.0,6.79,500.0,6.78,4500.0,6.77,100.0,6.76,11000.0,6.75,21200.0,6.74,5000.0,6.73,18400.0,6.72,4000.0,6.71,3000.0,6.7,76200.0,6.68,2600.0,6.67,6000.0,6.66,1500.0,6.65,37600.0,6.64,12200.0,6.63,400.0,6.62,3000.0,6.84,2500.0,6.85,20400.0,6.86,3800.0,6.87,1300.0,6.88,35100.0,6.89,24100.0,6.9,103900.0,6.91,13400.0,6.92,28500.0,6.93,8000.0,6.94,3800.0,6.95,43300.0,6.96,15800.0,6.97,10800.0,6.98,156000.0,6.99,44100.0,7.0,314400.0,7.01,13900.0,7.02,22600.0,7.03,3400.0
09:30:00.660,6.82,1700.0,6.81,21000.0,6.8,3700.0,6.79,500.0,6.78,4500.0,6.77,100.0,6.76,11000.0,6.75,21200.0,6.74,5000.0,6.73,18400.0,6.72,4000.0,6.71,3000.0,6.7,76200.0,6.68,2600.0,6.67,6000.0,6.66,1500.0,6.65,37600.0,6.64,12200.0,6.63,400.0,6.62,3000.0,6.84,2500.0,6.85,20400.0,6.86,3800.0,6.87,1300.0,6.88,35100.0,6.89,24500.0,6.9,103900.0,6.91,13400.0,6.92,28500.0,6.93,8000.0,6.94,3800.0,6.95,43300.0,6.96,15800.0,6.97,10800.0,6.98,156000.0,6.99,44100.0,7.0,314400.0,7.01,13900.0,7.02,22600.0,7.03,3400.0
09:30:00.780,6.82,1700.0,6.81,21000.0,6.8,3700.0,6.79,500.0,6.78,4500.0,6.77,100.0,6.76,11000.0,6.75,21200.0,6.74,5000.0,6.73,18400.0,6.72,4000.0,6.71,3000.0,6.7,76200.0,6.68,2600.0,6.67,6000.0,6.66,1500.0,6.65,37600.0,6.64,12200.0,6.63,400.0,6.62,3000.0,6.84,3500.0,6.85,20400.0,6.86,3800.0,6.87,1300.0,6.88,35100.0,6.89,24500.0,6.9,103900.0,6.91,13400.0,6.92,28500.0,6.93,8000.0,6.94,3800.0,6.95,43300.0,6.96,15800.0,6.97,10800.0,6.98,156000.0,6.99,44100.0,7.0,314400.0,7.01,13900.0,7.02,22600.0,7.03,3400.0
09:30:00.780,6.82,1700.0,6.81,21000.0,6.8,3700.0,6.79,500.0,6.78,4500.0,6.77,100.0,6.76,11000.0,6.75,21200.0,6.74,5000.0,6.73,18400.0,6.72,4000.0,6.71,3000.0,6.7,76200.0,6.69,50000.0,6.68,2600.0,6.67,6000.0,6.66,1500.0,6.65,37600.0,6.64,12200.0,6.63,400.0,6.84,3500.0,6.85,20400.0,6.86,3800.0,6.87,1300.0,6.88,35100.0,6.89,24500.0,6.9,103900.0,6.91,13400.0,6.92,28500.0,6.93,8000.0,6.94,3800.0,6.95,43300.0,6.96,15800.0,6.97,10800.0,6.98,156000.0,6.99,44100.0,7.0,314400.0,7.01,13900.0,7.02,22600.0,7.03,3400.0
09:30:00.780,6.82,1700.0,6.81,21000.0,6.8,3700.0,6.79,500.0,6.78,4500.0,6.77,100.0,6.76,11000.0,6.75,21200.0,6.74,5000.0,6.73,18400.0,6.72,4000.0,6.71,3000.0,6.7,76200.0,6.69,50000.0,6.68,2600.0,6.67,6000.0,6.66,1500.0,6.65,37600.0,6.64,12200.0,6.63,400.0,6.84,3500.0,6.85,20400.0,6.86,3800.0,6.87,1300.0,6.88,35100.0,6.89,24500.0,6.9,103900.0,6.91,13400.0,6.92,28500.0,6.93,8000.0,6.94,3800.0,6.95,43300.0,6.96,15800.0,6.97,10800.0,6.98,156000.0,6.99,44100.0,7.0,314400.0,7.01,13900.0,7.02,22600.0,7.03,3400.0
09:30:00.780,6.82,1700.0,6.81,21000.0,6.8,3700.0,6.79,500.0,6.78,4500.0,6.77,100.0,6.76,11000.0,6.75,21200.0,6.74,5000.0,6.73,18400.0,6.72,4000.0,6.71,3000.0,6.7,76200.0,6.69,50000.0,6.68,2600.0,6.67,6000.0,6.66,1500.0,6.65,37600.0,6.64,62200.0,6.63,400.0,6.84,3500.0,6.85,20400.0,6.86,3800.0,6.87,1300.0,6.88,35100.0,6.89,24500.0,6.9,103900.0,6.91,13400.0,6.92,28500.0,6.93,8000.0,6.94,3800.0,6.95,43300.0,6.96,15800.0,6.97,10800.0,6.98,156000.0,6.99,44100.0,7.0,314400.0,7.01,13900.0,7.02,22600.0,7.03,3400.0
09:30:00.900,6.82,1700.0,6.81,21000.0,6.8,3700.0,6.79,500.0,6.78,4500.0,6.77,100.0,6.76,11000.0,6.75,21200.0,6.74,5000.0,6.73,18400.0,6.72,4000.0,6.71,3000.0,6.7,76200.0,6.69,50000.0,6.68,2600.0,6.67,6000.0,6.66,1500.0,6.65,37600.0,6.64,62200.0,6.63,400.0,6.84,3500.0,6.85,20400.0,6.86,3800.0,6.87,1300.0,6.88,35100.0,6.89,24500.0,6.9,103900.0,6.91,13400.0,6.92,28500.0,6.93,8000.0,6.94,3800.0,6.95,43300.0,6.96,15800.0,6.97,10800.0,6.98,156000.0,6.99,44100.0,7.0,314400.0,7.01,13900.0,7.02,22600.0,7.03,3400.0
09:30:00.900,6.82,1700.0,6.81,21000.0,6.8,3700.0,6.79,500.0,6.78,4500.0,6.77,100.0,6.76,11000.0,6.75,21200.0,6.74,5000.0,6.73,18400.0,6.72,4000.0,6.71,3000.0,6.7,76200.0,6.69,50000.0,6.68,2600.0,6.67,6000.0,6.66,1500.0,6.65,37600.0,6.64,62200.0,6.63,400.0,6.84,3500.0,6.85,20400.0,6.86,3800.0,6.87,1300.0,6.88,35100.0,6.89,24500.0,6.9,103900.0,6.91,13400.0,6.92,28500.0,6.93,8000.0,6.94,3800.0,6.95,43300.0,6.96,15800.0,6.97,10800.0,6.98,156000.0,6.99,44100.0,7.0,314400.0,7.01,13900.0,7.02,22600.0,7.03,3400.0
09:30:00.900,6.82,1700.0,6.81,21000.0,6.8,3700.0,6.79,500.0,6.78,4500.0,6.77,100.0,6.76,11000.0,6.75,21200.0,6.74,5000.0,6.73,18400.0,6.72,4000.0,6.71,3000.0,6.7,76200.0,6.69,50000.0,6.68,2600.0,6.67,6000.0,6.66,1500.0,6.65,37600.0,6.64,62200.0,6.63,400.0,6.84,3500.0,6.85,20400.0,6.86,3800.0,6.87,1300.0,6.88,35100.0,6.89,24500.0,6.9,103900.0,6.91,13400.0,6.92,28500.0,6.93,8000.0,6.94,3800.0,6.95,43300.0,6.96,15800.0,6.97,10800.0,6.98,156000.0,6.99,44400.0,7.0,314400.0,7.01,13900.0,7.02,22600.0,7.03,3400.0
09:30:00.900,6.82,1700.0,6.81,21000.0,6.8,3700.0,6.79,500.0,6.78,4500.0,6.77,100.0,6.76,11000.0,6.75,21200.0,6.74,5000.0,6.73,18400.0,6.72,4000.0,6.71,3000.0,6.7,76200.0,6.69,50000.0,6.68,2600.0,6.67,6000.0,6.66,1500.0,6.65,37600.0,6.64,62200.0,6.63,400.0,6.84,3500.0,6.85,20400.0,6.86,3800.0,6.87,1300.0,6.88,35100.0,6.89,24500.0,6.9,103900.0,6.91,13400.0,6.92,28500.0,6.93,8000.0,6.94,3800.0,6.95,43300.0,6.96,15800.0,6.97,10800.0,6.98,156000.0,6.99,44600.0,7.0,314400.0,7.01,13900.0,7.02,22600.0,7.03,3400.0
09:30:00.900,6.82,1700.0,6.81,21000.0,6.8,3700.0,6.79,500.0,6.78,4500.0,6.77,100.0,6.76,11000.0,6.75,21200.0,6.74,5000.0,6.73,18400.0,6.72,4000.0,6.71,3000.0,6.7,76200.0,6.69,50000.0,6.68,2600.0,6.67,6000.0,6.66,1500.0,6.65,37600.0,6.64,62200.0,6.63,400.0,6.84,3500.0,6.85,20400.0,6.86,3800.0,6.87,1300.0,6.88,35100.0,6.89,24500.0,6.9,103900.0,6.91,13400.0,6.92,28500.0,6.93,8000.0,6.94,3800.0,6.95,43300.0,6.96,15800.0,6.97,10800.0,6.98,156000.0,6.99,44600.0,7.0,314400.0,7.01,13900.0,7.02,22600.0,7.03,3400.0
09:30:00.900,6.82,1700.0,6.81,21000.0,6.8,3700.0,6.79,500.0,6.78,4500.0,6.77,100.0,6.76,11000.0,6.75,21200.0,6.74,5000.0,6.73,18400.0,6.72,4000.0,6.71,3000.0,6.7,76200.0,6.69,50000.0,6.68,2600.0,6.67,6000.0,6.66,1500.0,6.65,37600.0,6.64,62200.0,6.63,400.0,6.84,3500.0,6.85,20400.0,6.86,3800.0,6.87,1300.0,6.88,35100.0,6.89,24500.0,6.9,103900.0,6.91,13400.0,6.92,28500.0,6.93,8000.0,6.94,3800.0,6.95,43300.0,6.96,15800.0,6.97,10800.0,6.98,156000.0,6.99,44600.0,7.0,314400.0,7.01,13900.0,7.02,22600.0,7.03,3400.0
09:30:01.030,6.82,1700.0,6.81,21000.0,6.8,3700.0,6.79,500.0,6.78,4500.0,6.77,100.0,6.76,11000.0,6.75,21200.0,6.74,5000.0,6.73,18400.0,6.72,4000.0,6.71,3000.0,6.7,76200.0,6.69,50000.0,6.68,2600.0,6.67,6000.0,6.66,1500.0,6.65,37600.0,6.64,62200.0,6.63,400.0,6.84,3500.0,6.85,20400.0,6.86,3800.0,6.87,1300.0,6.88,35100.0,6.89,24500.0,6.9,103900.0,6.91,13400.0,6.92,28500.0,6.93,8000.0,6.94,3800.0,6.95,43300.0,6.96,15800.0,6.97,10800.0,6.98,156000.0,6.99,44600.0,7.0,315400.0,7.01,13900.0,7.02,22600.0,7.03,3400.0
09:30:01.030,6.82,1700.0,6.81,21000.0,6.8,3700.0,6.79,500.0,6.78,4500.0,6.77,100.0,6.76,11000.0,6.75,21200.0,6.74,5000.0,6.73,18400.0,6.72,4000.0,6.71,3000.0,6.7,76200.0,6.69,50000.0,6.68,2600.0,6.67,6000.0,6.66,1500.0,6.65,37600.0,6.64,62200.0,6.63,400.0,6.84,3500.0,6.85,20400.0,6.86,3800.0,6.87,1300.0,6.88,35100.0,6.89,24500.0,6.9,103900.0,6.91,13400.0,6.92,28500.0,6.93,8000.0,6.94,3800.0,6.95,43300.0,6.96,15800.0,6.97,10800.0,6.98,156000.0,6.99,44600.0,7.0,315400.0,7.01,13900.0,7.02,22600.0,7.03,3400.0
09:30:01.030,6.82,1700.0,6.81,21000.0,6.8,3700.0,6.79,500.0,6.78,4500.0,6.77,100.0,6.76,11000.0,6.75,21200.0,6.74,5000.0,6.73,18400.0,6.72,4000.0,6.71,3000.0,6.7,76200.0,6.69,50000.0,6.68,2600.0,6.67,6000.0,6.66,1500.0,6.65,37600.0,6.64,62200.0,6.63,400.0,6.84,3500.0,6.85,20400.0,6.86,3800.0,6.87,1300.0,6.88,35100.0,6.89,24500.0,6.9,103900.0,6.91,13400.0,6.92,28500.0,6.93,8000.0,6.94,3800.0,6.95,43300.0,6.96,15800.0,6.97,10800.0,6.98,156000.0,6.99,44600.0,7.0,315400.0,7.01,13900.0,7.02,22600.0,7.03,3400.0
09:30:01.030,6.82,1700.0,6.81,21000.0,6.8,3700.0,6.79,500.0,6.78,4500.0,6.77,100.0,6.76,11000.0,6.75,21200.0,6.74,5000.0,6.73,18400.0,6.72,4000.0,6.71,3000.0,6.7,76200.0,6.69,50000.0,6.68,2600.0,6.67,6000.0,6.66,1500.0,6.65,37600.0,6.64,62200.0,6.63,400.0,6.84,3500.0,6.85,20400.0,6.86,3800.0,6.87,1300.0,6.88,35100.0,6.89,24500.0,6.9,103900.0,6.91,13400.0,6.92,28500.0,6.93,8000.0,6.94,3800.0,6.95,43300.0,6.96,15800.0,6.97,10800.0,6.98,156000.0,6.99,44600.0,7.0,315400.0,7.01,13900.0,7.02,22600.0,7.03,3400.0
09:30:01.030,6.82,1600.0,6.81,21000.0,6.8,3700.0,6.79,500.0,6.78,4500.0,6.77,100.0,6.76,11000.0,6.75,21200.0,6.74,5000.0,6.73,18400.0,6.72,4000.0,6.71,3000.0,6.7,76200.0,6.69,50000.0,6.68,2600.0,6.67,6000.0,6.66,1500.0,6.65,37600.0,6.64,62200.0,6.63,400.0,6.84,3500.0,6.85,20400.0,6.86,3800.0,6.87,1300.0,6.88,35100.0,6.89,24500.0,6.9,103900.0,6.91,13400.0,6.92,28500.0,6.93,8000.0,6.94,3800.0,6.95,43300.0,6.96,15800.0,6.97,10800.0,6.98,156000.0,6.99,44600.0,7.0,315400.0,7.01,13900.0,7.02,22600.0,7.03,3400.0
09:30:01.030,6.82,1600.0,6.81,21000.0,6.8,3700.0,6.79,500.0,6.78,4500.0,6.77,100.0,6.76,11000.0,6.75,21200.0,6.74,5000.0,6.73,18400.0,6.72,4000.0,6.71,3000.0,6.7,76200.0,6.69,50000.0,6.68,2600.0,6.67,6000.0,6.66,1500.0,6.65,37600.0,6.64,62200.0,6.63,400.0,6.84,3500.0,6.85,20400.0,6.86,3800.0,6.87,1300.0,6.88,35100.0,6.89,24500.0,6.9,103900.0,6.91,13400.0,6.92,28500.0,6.93,8000.0,6.94,3800.0,6.95,43300.0,6.96,15800.0,6.97,10800.0,6.98,156600.0,6.99,44600.0,7.0,315400.0,7.01,13900.0,7.02,22600.0,7.03,3400.0
09:30:01.030,6.82,1500.0,6.81,21000.0,6.8,3700.0,6.79,500.0,6.78,4500.0,6.77,100.0,6.76,11000.0,6.75,21200.0,6.74,5000.0,6.73,18400.0,6.72,4000.0,6.71,3000.0,6.7,76200.0,6.69,50000.0,6.68,2600.0,6.67,6000.0,6.66,1500.0,6.65,37600.0,6.64,62200.0,6.63,400.0,6.84,3500.0,6.85,20400.0,6.86,3800.0,6.87,1300.0,6.88,35100.0,6.89,24500.0,6.9,103900.0,6.91,13400.0,6.92,28500.0,6.93,8000.0,6.94,3800.0,6.95,43300.0,6.96,15800.0,6.97,10800.0,6.98,156600.0,6.99,44600.0,7.0,315400.0,7.01,13900.0,7.02,22600.0,7.03,3400.0
09:30:01.030,6.82,1200.0,6.81,21000.0,6.8,3700.0,6.79,500.0,6.78,4500.0,6.77,100.0,6.76,11000.0,6.75,21200.0,6.74,5000.0,6.73,18400.0,6.72,4000.0,6.71,3000.0,6.7,76200.0,6.69,50000.0,6.68,2600.0,6.67,6000.0,6.66,1500.0,6.65,37600.0,6.64,62200.0,6.63,400.0,6.84,3500.0,6.85,20400.0,6.86,3800.0,6.87,1300.0,6.88,35100.0,6.89,24500.0,6.9,103900.0,6.91,13400.0,6.92,28500.0,6.93,8000.0,6.94,3800.0,6.95,43300.0,6.96,15800.0,6.97,10800.0,6.98,156600.0,6.99,44600.0,7.0,315400.0,7.01,13900.0,7.02,22600.0,7.03,3400.0
09:30:01.030,6.82,1100.0,6.81,21000.0,6.8,3700.0,6.79,500.0,6.78,4500.0,6.77,100.0,6.76,11000.0,6.75,21200.0,6.74,5000.0,6.73,18400.0,6.72,4000.0,6.71,3000.0,6.7,76200.0,6.69,50000.0,6.68,2600.0,6.67,6000.0,6.66,1500.0,6.65,37600.0,6.64,62200.0,6.63,400.0,6.84,3500.0,6.85,20400.0,6.86,3800.0,6.87,1300.0,6.88,35100.0,6.89,24500.0,6.9,103900.0,6.91,13400.0,6.92,28500.0,6.93,8000.0,6.94,3800.0,6.95,43300.0,6.96,15800.0,6.97,10800.0,6.98,156600.0,6.99,44600.0,7.0,315400.0,7.01,13900.0,7.02,22600.0,7.03,3400.0
09:30:01.030,6.82,1100.0,6.81,21000.0,6.8,3700.0,6.79,500.0,6.78,4500.0,6.77,100.0,6.76,11000.0,6.75,21200.0,6.74,5000.0,6.73,18400.0,6.72,4000.0,6.71,3000.0,6.7,76200.0,6.69,50000.0,6.68,2600.0,6.67,6000.0,6.66,1500.0,6.65,37600.0,6.64,62200.0,6.63,400.0,6.84,3500.0,6.85,20400.0,6.86,3800.0,6.87,1300.0,6.88,35100.0,6.89,24500.0,6.9,103900.0,6.91,13400.0,6.92,28500.0,6.93,8000.0,6.94,3800.0,6.95,43300.0,6.96,15800.0,6.97,10800.0,6.98,156600.0,6.99,44600.0,7.0,315400.0,7.01,13900.0,7.02,22600.0,7.03,3400.0
09:30:01.030,6.82,1100.0,6.81,21000.0,6.8,3700.0,6.79,500.0,6.78,4500.0,6.77,100.0,6.76,11000.0,6.75,21200.0,6.74,5000.0,6.73,18400.0,6.72,4000.0,6.71,3000.0,6.7,76200.0,6.69,50000.0,6.68,2600.0,6.67,6000.0,6.66,1500.0,6.65,37600.0,6.64,62200.0,6.63,400.0,6.84,3500.0,6.85,20400.0,6.86,3800.0,6.87,1300.0,6.88,35100.0,6.89,24500.0,6.9,103900.0,6.91,13400.0,6.92,28500.0,6.93,8000.0,6.94,3800.0,6.95,43300.0,6.96,15800.0,6.97,10800.0,6.98,156600.0,6.99,44600.0,7.0,315400.0,7.01,13900.0,7.02,22600.0,7.03,3400.0
09:30:01.150,6.82,1100.0,6.81,21000.0,6.8,3700.0,6.79,500.0,6.78,4500.0,6.77,100.0,6.76,11000.0,6.75,21200.0,6.74,5000.0,6.73,18400.0,6.72,4000.0,6.71,3000.0,6.7,76200.0,6.69,50000.0,6.68,2600.0,6.67,6000.0,6.66,1500.0,6.65,37600.0,6.64,62200.0,6.63,400.0,6.84,3500.0,6.85,20400.0,6.86,3800.0,6.87,1300.0,6.88,35100.0,6.89,24500.0,6.9,103900.0,6.91,13400.0,6.92,28500.0,6.93,8000.0,6.94,3800.0,6.95,43300.0,6.96,15800.0,6.97,10800.0,6.98,156600.0,6.99,44600.0,7.0,315600.0,7.01,13900.0,7.02,22600.0,7.03,3400.0
09:30:01.150,6.82,1100.0,6.81,21000.0,6.8,3700.0,6.79,500.0,6.78,4500.0,6.77,100.0,6.76,11000.0,6.75,21200.0,6.74,5000.0,6.73,18400.0,6.72,4000.0,6.71,3000.0,6.7,76200.0,6.69,50000.0,6.68,2600.0,6.67,6000.0,6.66,1500.0,6.65,37600.0,6.64,62200.0,6.63,400.0,6.84,3500.0,6.85,20400.0,6.86,3800.0,6.87,1300.0,6.88,35100.0,6.89,24500.0,6.9,103900.0,6.91,13400.0,6.92,28500.0,6.93,8000.0,6.94,3800.0,6.95,43300.0,6.96,17800.0,6.97,10800.0,6.98,156600.0,6.99,44600.0,7.0,315600.0,7.01,13900.0,7.02,22600.0,7.03,3400.0
09:30:01.150,6.82,1100.0,6.81,21000.0,6.8,3700.0,6.79,500.0,6.78,4500.0,6.77,100.0,6.76,11000.0,6.75,21200.0,6.74,5000.0,6.73,18400.0,6.72,4000.0,6.71,3000.0,6.7,76200.0,6.69,50000.0,6.68,2600.0,6.67,6000.0,6.66,1500.0,6.65,37600.0,6.64,62200.0,6.63,400.0,6.84,11500.0,6.85,20400.0,6.86,3800.0,6.87,1300.0,6.88,35100.0,6.89,24500.0,6.9,103900.0,6.91,13400.0,6.92,28500.0,6.93,8000.0,6.94,3800.0,6.95,43300.0,6.96,17800.0,6.97,10800.0,6.98,156600.0,6.99,44600.0,7.0,315600.0,7.01,13900.0,7.02,22600.0,7.03,3400.0
09:30:01.150,6.82,700.0,6.81,21000.0,6.8,3700.0,6.79,500.0,6.78,4500.0,6.77,100.0,6.76,11000.0,6.75,21200.0,6.74,5000.0,6.73,18400.0,6.72,4000.0,6.71,3000.0,6.7,76200.0,6.69,50000.0,6.68,2600.0,6.67,6000.0,6.66,1500.0,6.65,37600.0,6.64,62200.0,6.63,400.0,6.84,11500.0,6.85,20400.0,6.86,3800.0,6.87,1300.0,6.88,35100.0,6.89,24500.0,6.9,103900.0,6.91,13400.0,6.92,28500.0,6.93,8000.0,6.94,3800.0,6.95,43300.0,6.96,17800.0,6.97,10800.0,6.98,156600.0,6.99,44600.0,7.0,315600.0,7.01,13900.0,7.02,22600.0,7.03,3400.0
09:30:01.150,6.82,400.0,6.81,21000.0,6.8,3700.0,6.79,500.0,6.78,4500.0,6.77,100.0,6.76,11000.0,6.75,21200.0,6.74,5000.0,6.73,18400.0,6.72,4000.0,6.71,3000.0,6.7,76200.0,6.69,50000.0,6.68,2600.0,6.67,6000.0,6.66,1500.0,6.65,37600.0,6.64,62200.0,6.63,400.0,6.84,11500.0,6.85,20400.0,6.86,3800.0,6.87,1300.0,6.88,35100.0,6.89,24500.0,6.9,103900.0,6.91,13400.0,6.92,28500.0,6.93,8000.0,6.94,3800.0,6.95,43300.0,6.96,17800.0,6.97,10800.0,6.98,156600.0,6.99,44600.0,7.0,315600.0,7.01,13900.0,7.02,22600.0,7.03,3400.0
09:30:01.150,6.82,400.0,6.81,21000.0,6.8,3700.0,6.79,500.0,6.78,4500.0,6.77,100.0,6.76,11000.0,6.75,21200.0,6.74,5000.0,6.73,18400.0,6.72,4000.0,6.71,3000.0,6.7,76200.0,6.69,50000.0,6.68,2600.0,6.67,6000.0,6.66,1500.0,6.65,37600.0,6.64,62200.0,6.63,400.0,6.84,11500.0,6.85,20400.0,6.86,3800.0,6.87,1300.0,6.88,35100.0,6.89,24500.0,6.9,103900.0,6.91,13400.0,6.92,28500.0,6.93,8000.0,6.94,3800.0,6.95,43300.0,6.96,17800.0,6.97,10800.0,6.98,156600.0,6.99,46100.0,7.0,315600.0,7.01,13900.0,7.02,22600.0,7.03,3400.0
09:30:01.150,6.82,400.0,6.81,21000.0,6.8,3700.0,6.79,500.0,6.78,4500.0,6.77,100.0,6.76,21000.0,6.75,21200.0,6.74,5000.0,6.73,18400.0,6.72,4000.0,6.71,3000.0,6.7,76200.0,6.69,50000.0,6.68,2600.0,6.67,6000.0,6.66,1500.0,6.65,37600.0,6.64,62200.0,6.63,400.0,6.84,11500.0,6.85,20400.0,6.86,3800.0,6.87,1300.0,6.88,35100.0,6.89,24500.0,6.9,103900.0,6.91,13400.0,6.92,28500.0,6.93,8000.0,6.94,3800.0,6.95,43300.0,6.96,17800.0,6.97,10800.0,6.98,156600.0,6.99,46100.0,7.0,315600.0,7.01,13900.0,7.02,22600.0,7.03,3400.0
09:30:01.150,6.81,21000.0,6.8,3700.0,6.79,500.0,6.78,4500.0,6.77,100.0,6.76,21000.0,6.75,21200.0,6.74,5000.0,6.73,18400.0,6.72,4000.0,6.71,3000.0,6.7,76200.0,6.69,50000.0,6.68,2600.0,6.67,6000.0,6.66,1500.0,6.65,37600.0,6.64,62200.0,6.63,400.0,6.62,3000.0,6.84,11500.0,6.85,20400.0,6.86,3800.0,6.87,1300.0,6.88,35100.0,6.89,24500.0,6.9,103900.0,6.91,13400.0,6.92,28500.0,6.93,8000.0,6.94,3800.0,6.95,43300.0,6.96,17800.0,6.97,10800.0,6.98,156600.0,6.99,46100.0,7.0,315600.0,7.01,13900.0,7.02,22600.0,7.03,3400.0
09:30:01.150,6.81,21000.0,6.8,3700.0,6.79,500.0,6.78,4500.0,6.77,100.0,6.76,21000.0,6.75,21200.0,6.74,5000.0,6.73,18400.0,6.72,4000.0,6.71,3000.0,6.7,76200.0,6.69,50000.0,6.68,2600.0,6.67,6000.0,6.66,1500.0,6.65,37600.0,6.64,62200.0,6.63,400.0,6.62,3000.0,6.82,100.0,6.84,11500.0,6.85,20400.0,6.86,3800.0,6.87,1300.0,6.88,35100.0,6.89,24500.0,6.9,103900.0,6.91,13400.0,6.92,28500.0,6.93,8000.0,6.94,3800.0,6.95,43300.0,6.96,17800.0,6.97,10800.0,6.98,156600.0,6.99,46100.0,7.0,315600.0,7.01,13900.0,7.02,22600.0
09:30:01.280,6.81,21000.0,6.8,3700.0,6.79,500.0,6.78,4500.0,6.77,100.0,6.76,21000.0,6.75,21200.0,6.74,5000.0,6.73,18400.0,6.72,4000.0,6.71,3000.0,6.7,76200.0,6.69,50000.0,6.68,2600.0,6.67,6000.0,6.66,1500.0,6.65,37600.0,6.64,62200.0,6.63,400.0,6.62,3000.0,6.82,100.0,6.84,11500.0,6.85,20400.0,6.86,3800.0,6.87,1300.0,6.88,35100.0,6.89,24500.0,6.9,103900.0,6.91,13400.0,6.92,28500.0,6.93,8000.0,6.94,3800.0,6.95,43300.0,6.96,17800.0,6.97,10800.0,6.98,156600.0,6.99,46100.0,7.0,315600.0,7.01,13900.0,7.02,22600.0
09:30:01.280,6.81,21000.0,6.8,3700.0,6.79,500.0,6.78,4500.0,6.77,100.0,6.76,21000.0,6.75,21200.0,6.74,5000.0,6.73,18400.0,6.72,4000.0,6.71,3000.0,6.7,76200.0,6.69,50000.0,6.68,2600.0,6.67,6000.0,6.66,1500.0,6.65,37600.0,6.64,62200.0,6.63,400.0,6.62,3000.0,6.82,100.0,6.84,11500.0,6.85,20400.0,6.86,3800.0,6.87,1300.0,6.88,35100.0,6.89,24500.0,6.9,103900.0,6.91,13400.0,6.92,28500.0,6.93,8000.0,6.94,3800.0,6.95,43300.0,6.96,17800.0,6.97,10800.0,6.98,156600.0,6.99,46100.0,7.0,316700.0,7.01,13900.0,7.02,22600.0
09:30:01.280,6.81,21000.0,6.8,3700.0,6.79,500.0,6.78,4500.0,6.77,100.0,6.76,21000.0,6.75,21200.0,6.74,5000.0,6.73,18400.0,6.72,4000.0,6.71,3000.0,6.7,76200.0,6.69,50000.0,6.68,2600.0,6.67,6000.0,6.66,1500.0,6.65,37600.0,6.64,62200.0,6.63,400.0,6.62,3000.0,6.82,100.0,6.84,11500.0,6.85,20400.0,6.86,3800.0,6.87,1300.0,6.88,35100.0,6.89,24500.0,6.9,103900.0,6.91,13400.0,6.92,28500.0,6.93,8000.0,6.94,3800.0,6.95,43300.0,6.96,17800.0,6.97,10800.0,6.98,157600.0,6.99,46100.0,7.0,316700.0,7.01,13900.0,7.02,22600.0
09:30:01.280,6.81,21000.0,6.8,3700.0,6.79,500.0,6.78,4500.0,6.77,100.0,6.76,21000.0,6.75,21200.0,6.74,5000.0,6.73,18400.0,6.72,4000.0,6.71,3000.0,6.7,76200.0,6.69,50000.0,6.68,2600.0,6.67,6000.0,6.66,1500.0,6.65,37600.0,6.64,62200.0,6.63,400.0,6.62,3000.0,6.82,100.0,6.84,11500.0,6.85,20400.0,6.86,3800.0,6.87,1300.0,6.88,35100.0,6.89,24500.0,6.9,103900.0,6.91,13400.0,6.92,28500.0,6.93,8000.0,6.94,3800.0,6.95,43300.0,6.96,17800.0,6.97,10800.0,6.98,157600.0,6.99,56100.0,7.0,316700.0,7.01,13900.0,7.02,22600.0
09:30:01.280,6.81,21000.0,6.8,3700.0,6.79,500.0,6.78,4500.0,6.77,100.0,6.76,21000.0,6.75,21200.0,6.74,5000.0,6.73,18400.0,6.72,4000.0,6.71,3000.0,6.7,76200.0,6.69,50000.0,6.68,2600.0,6.67,6000.0,6.66,1500.0,6.65,37600.0,6.64,62200.0,6.63,400.0,6.62,3000.0,6.82,100.0,6.84,11500.0,6.85,20400.0,6.86,3800.0,6.87,1300.0,6.88,35600.0,6.89,24500.0,6.9,103900.0,6.91,13400.0,6.92,28500.0,6.93,8000.0,6.94,3800.0,6.95,43300.0,6.96,17800.0,6.97,10800.0,6.98,157600.0,6.99,56100.0,7.0,316700.0,7.01,13900.0,7.02,22600.0
09:30:01.280,6.81,21000.0,6.8,3700.0,6.79,500.0,6.78,4500.0,6.77,100.0,6.76,21000.0,6.75,21200.0,6.74,5000.0,6.73,18400.0,6.72,4000.0,6.71,3000.0,6.7,76200.0,6.69,50000.0,6.68,2600.0,6.67,6000.0,6.66,1500.0,6.65,37600.0,6.64,62200.0,6.63,400.0,6.62,3000.0,6.84,11500.0,6.85,20400.0,6.86,3800.0,6.87,1300.0,6.88,35600.0,6.89,24500.0,6.9,103900.0,6.91,13400.0,6.92,28500.0,6.93,8000.0,6.94,3800.0,6.95,43300.0,6.96,17800.0,6.97,10800.0,6.98,157600.0,6.99,56100.0,7.0,316700.0,7.01,13900.0,7.02,22600.0,7.03,3400.0
09:30:01.280,6.81,21000.0,6.8,3700.0,6.79,500.0,6.78,4500.0,6.77,100.0,6.76,21000.0,6.75,21200.0,6.74,5000.0,6.73,18400.0,6.72,4000.0,6.71,3000.0,6.7,76200.0,6.69,50000.0,6.68,2600.0,6.67,6000.0,6.66,1500.0,6.65,37600.0,6.64,62200.0,6.63,400.0,6.62,3000.0,6.84,11400.0,6.85,20400.0,6.86,3800.0,6.87,1300.0,6.88,35600.0,6.89,24500.0,6.9,103900.0,6.91,13400.0,6.92,28500.0,6.93,8000.0,6.94,3800.0,6.95,43300.0,6.96,17800.0,6.97,10800.0,6.98,157600.0,6.99,56100.0,7.0,316700.0,7.01,13900.0,7.02,22600.0,7.03,3400.0
09:30:01.410,6.81,21000.0,6.8,3700.0,6.79,500.0,6.78,4500.0,6.77,100.0,6.76,21000.0,6.75,21200.0,6.74,5000.0,6.73,18400.0,6.72,4000.0,6.71,3000.0,6.7,76200.0,6.69,50000.0,6.68,2600.0,6.67,6000.0,6.66,1500.0,6.65,37600.0,6.64,62200.0,6.63,400.0,6.62,3000.0,6.84,11400.0,6.85,20400.0,6.86,3800.0,6.87,1300.0,6.88,35600.0,6.89,24500.0,6.9,103900.0,6.91,13400.0,6.92,28500.0,6.93,8000.0,6.94,3800.0,6.95,43300.0,6.96,17800.0,6.97,10800.0,6.98,157600.0,6.99,56100.0,7.0,317500.0,7.01,13900.0,7.02,22600.0,7.03,3400.0
09:30:01.410,6.81,21000.0,6.8,3700.0,6.79,500.0,6.78,4500.0,6.77,100.0,6.76,21000.0,6.75,21200.0,6.74,5000.0,6.73,18400.0,6.72,4000.0,6.71,3000.0,6.7,76200.0,6.69,50000.0,6.68,2600.0,6.67,6000.0,6.66,1500.0,6.65,37600.0,6.64,62200.0,6.63,400.0,6.62,3000.0,6.84,11400.0,6.85,20400.0,6.86,3800.0,6.87,1300.0,6.88,35600.0,6.89,24500.0,6.9,103900.0,6.91,13400.0,6.92,28500.0,6.93,8000.0,6.94,3800.0,6.95,43300.0,6.96,17800.0,6.97,10800.0,6.98,157600.0,6.99,56100.0,7.0,317500.0,7.01,13900.0,7.02,22600.0,7.03,3400.0
09:30:01.540,6.81,21000.0,6.8,3700.0,6.79,500.0,6.78,4500.0,6.77,100.0,6.76,21000.0,6.75,21200.0,6.74,5000.0,6.73,18400.0,6.72,4000.0,6.71,3000.0,6.7,76200.0,6.69,50000.0,6.68,2600.0,6.67,6000.0,6.66,1500.0,6.65,37600.0,6.64,62200.0,6.63,400.0,6.62,3000.0,6.84,11400.0,6.85,20400.0,6.86,3800.0,6.87,1300.0,6.88,35600.0,6.89,24500.0,6.9,103900.0,6.91,13400.0,6.92,28500.0,6.93,8000.0,6.94,3800.0,6.95,43300.0,6.96,17800.0,6.97,10800.0,6.98,157600.0,6.99,46100.0,7.0,317500.0,7.01,13900.0,7.02,22600.0,7.03,3400.0
09:30:01.540,6.81,21000.0,6.8,3700.0,6.79,500.0,6.78,4500.0,6.77,100.0,6.76,21000.0,6.75,21200.0,6.74,5000.0,6.73,18400.0,6.72,4000.0,6.71,3000.0,6.7,76200.0,6.69,50000.0,6.68,2600.0,6.67,6000.0,6.66,1500.0,6.65,37600.0,6.64,62200.0,6.63,400.0,6.62,3000.0,6.84,11400.0,6.85,20400.0,6.86,3800.0,6.87,4600.0,6.88,35600.0,6.89,24500.0,6.9,103900.0,6.91,13400.0,6.92,28500.0,6.93,8000.0,6.94,3800.0,6.95,43300.0,6.96,17800.0,6.97,10800.0,6.98,157600.0,6.99,46100.0,7.0,317500.0,7.01,13900.0,7.02,22600.0,7.03,3400.0
09:30:01.540,6.81,21000.0,6.8,3700.0,6.79,500.0,6.78,4500.0,6.77,100.0,6.76,21000.0,6.75,21200.0,6.74,5000.0,6.73,18400.0,6.72,4000.0,6.71,3000.0,6.7,76200.0,6.69,50000.0,6.68,2600.0,6.67,6000.0,6.66,1500.0,6.65,37600.0,6.64,62200.0,6.63,400.0,6.62,3000.0,6.84,11400.0,6.85,20400.0,6.86,3800.0,6.87,4600.0,6.88,35600.0,6.89,24500.0,6.9,103900.0,6.91,13400.0,6.92,28500.0,6.93,8000.0,6.94,3800.0,6.95,43300.0,6.96,18100.0,6.97,10800.0,6.98,157600.0,6.99,46100.0,7.0,317500.0,7.01,13900.0,7.02,22600.0,7.03,3400.0
09:30:01.540,6.81,21000.0,6.8,3700.0,6.79,500.0,6.78,4500.0,6.77,100.0,6.76,21000.0,6.75,21200.0,6.74,5000.0,6.73,18400.0,6.72,4000.0,6.71,3000.0,6.7,76200.0,6.69,50000.0,6.68,2600.0,6.67,6000.0,6.66,1500.0,6.65,37600.0,6.64,62200.0,6.63,400.0,6.62,3000.0,6.84,11400.0,6.85,20400.0,6.86,3800.0,6.87,4600.0,6.88,35600.0,6.89,24500.0,6.9,103900.0,6.91,13400.0,6.92,28500.0,6.93,8000.0,6.94,3800.0,6.95,43300.0,6.96,18100.0,6.97,10800.0,6.98,157600.0,6.99,46100.0,7.0,317500.0,7.01,13900.0,7.02,22600.0,7.03,3400.0
09:30:01.660,6.81,21000.0,6.8,3700.0,6.79,500.0,6.78,4500.0,6.77,100.0,6.76,21000.0,6.75,21200.0,6.74,5000.0,6.73,18400.0,6.72,4000.0,6.71,3000.0,6.7,76200.0,6.69,50000.0,6.68,2600.0,6.67,6000.0,6.66,1500.0,6.65,37600.0,6.64,62200.0,6.63,400.0,6.62,3000.0,6.84,11400.0,6.85,20400.0,6.86,3800.0,6.87,4600.0,6.88,35600.0,6.89,24500.0,6.9,103900.0,6.91,13400.0,6.92,28500.0,6.93,8000.0,6.94,3800.0,6.95,63300.0,6.96,18100.0,6.97,10800.0,6.98,157600.0,6.99,46100.0,7.0,317500.0,7.01,13900.0,7.02,22600.0,7.03,3400.0
09:30:01.660,6.81,21000.0,6.8,3700.0,6.79,500.0,6.78,4500.0,6.77,100.0,6.76,21000.0,6.75,21200.0,6.74,5000.0,6.73,18400.0,6.72,4000.0,6.71,3000.0,6.7,76200.0,6.69,50000.0,6.68,2600.0,6.67,6000.0,6.66,1500.0,6.65,37600.0,6.64,62200.0,6.63,400.0,6.62,3000.0,6.84,11400.0,6.85,20400.0,6.86,3800.0,6.87,4600.0,6.88,35600.0,6.89,24500.0,6.9,103900.0,6.91,13400.0,6.92,28500.0,6.93,8000.0,6.94,3800.0,6.95,63300.0,6.96,18100.0,6.97,10800.0,6.98,157600.0,6.99,48100.0,7.0,317500.0,7.01,13900.0,7.02,22600.0,7.03,3400.0
09:30:01.800,6.81,21000.0,6.8,3700.0,6.79,500.0,6.78,4500.0,6.77,100.0,6.76,21000.0,6.75,21200.0,6.74,5000.0,6.73,18400.0,6.72,4000.0,6.71,3000.0,6.7,76200.0,6.69,50000.0,6.68,2600.0,6.67,6000.0,6.66,1500.0,6.65,37600.0,6.64,62200.0,6.63,400.0,6.62,3000.0,6.84,11400.0,6.85,20400.0,6.86,3800.0,6.87,4600.0,6.88,35600.0,6.89,24500.0,6.9,104800.0,6.91,13400.0,6.92,28500.0,6.93,8000.0,6.94,3800.0,6.95,63300.0,6.96,18100.0,6.97,10800.0,6.98,157600.0,6.99,48100.0,7.0,317500.0,7.01,13900.0,7.02,22600.0,7.03,3400.0
09:30:01.800,6.81,21000.0,6.8,3700.0,6.79,500.0,6.78,4500.0,6.77,100.0,6.76,21000.0,6.75,21200.0,6.74,5000.0,6.73,18400.0,6.72,4000.0,6.71,3000.0,6.7,76200.0,6.69,50000.0,6.68,2600.0,6.67,6000.0,6.66,1500.0,6.65,37600.0,6.64,62200.0,6.63,400.0,6.62,3000.0,6.84,11400.0,6.85,20400.0,6.86,3800.0,6.87,4600.0,6.88,35600.0,6.89,24500.0,6.9,104800.0,6.91,13400.0,6.92,28500.0,6.93,8000.0,6.94,3800.0,6.95,63300.0,6.96,18100.0,6.97,10800.0,6.98,157600.0,6.99,48100.0,7.0,317500.0,7.01,13900.0,7.02,22600.0,7.03,3400.0
09:30:01.800,6.81,21000.0,6.8,3700.0,6.79,500.0,6.78,4500.0,6.77,100.0,6.76,21500.0,6.75,21200.0,6.74,5000.0,6.73,18400.0,6.72,4000.0,6.71,3000.0,6.7,76200.0,6.69,50000.0,6.68,2600.0,6.67,6000.0,6.66,1500.0,6.65,37600.0,6.64,62200.0,6.63,400.0,6.62,3000.0,6.84,11400.0,6.85,20400.0,6.86,3800.0,6.87,4600.0,6.88,35600.0,6.89,24500.0,6.9,104800.0,6.91,13400.0,6.92,28500.0,6.93,8000.0,6.94,3800.0,6.95,63300.0,6.96,18100.0,6.97,10800.0,6.98,157600.0,6.99,48100.0,7.0,317500.0,7.01,13900.0,7.02,22600.0,7.03,3400.0
09:30:01.800,6.81,21000.0,6.8,3700.0,6.79,500.0,6.78,4500.0,6.77,100.0,6.76,21500.0,6.75,21200.0,6.74,5000.0,6.73,18400.0,6.72,4000.0,6.71,3000.0,6.7,76200.0,6.69,50000.0,6.68,2600.0,6.67,6000.0,6.66,1500.0,6.65,37600.0,6.64,62200.0,6.63,400.0,6.62,3000.0,6.84,11400.0,6.85,20400.0,6.86,3800.0,6.87,4600.0,6.88,35600.0,6.89,24500.0,6.9,104800.0,6.91,13400.0,6.92,28500.0,6.93,8000.0,6.94,3800.0,6.95,63300.0,6.96,18100.0,6.97,10800.0,6.98,157600.0,6.99,48100.0,7.0,318500.0,7.01,13900.0,7.02,22600.0,7.03,3400.0
09:30:01.800,6.81,21000.0,6.8,3700.0,6.79,500.0,6.78,4500.0,6.77,100.0,6.76,21500.0,6.75,21200.0,6.74,5000.0,6.73,18400.0,6.72,4000.0,6.71,3000.0,6.7,76200.0,6.69,50000.0,6.68,2600.0,6.67,6000.0,6.66,1500.0,6.65,37600.0,6.64,62200.0,6.63,400.0,6.62,3000.0,6.84,11400.0,6.85,20400.0,6.86,3800.0,6.87,4600.0,6.88,35600.0,6.89,24500.0,6.9,104800.0,6.91,13400.0,6.92,28500.0,6.93,8000.0,6.94,3800.0,6.95,63300.0,6.96,18100.0,6.97,10800.0,6.98,157600.0,6.99,48100.0,7.0,318500.0,7.01,13900.0,7.02,22600.0,7.03,3400.0
09:30:01.800,6.81,21000.0,6.8,3700.0,6.79,500.0,6.78,4500.0,6.77,100.0,6.76,21500.0,6.75,21200.0,6.74,5000.0,6.73,18400.0,6.72,4000.0,6.71,3000.0,6.7,76200.0,6.69,50000.0,6.68,2600.0,6.67,6000.0,6.66,1500.0,6.65,37600.0,6.64,62200.0,6.63,400.0,6.62,3000.0,6.84,11400.0,6.85,20400.0,6.86,3800.0,6.87,7800.0,6.88,35600.0,6.89,24500.0,6.9,104800.0,6.91,13400.0,6.92,28500.0,6.93,8000.0,6.94,3800.0,6.95,63300.0,6.96,18100.0,6.97,10800.0,6.98,157600.0,6.99,48100.0,7.0,318500.0,7.01,13900.0,7.02,22600.0,7.03,3400.0
09:30:01.800,6.81,21000.0,6.8,3700.0,6.79,500.0,6.78,4500.0,6.77,100.0,6.76,21500.0,6.75,21200.0,6.74,5000.0,6.73,18400.0,6.72,4000.0,6.71,3000.0,6.7,76200.0,6.69,50000.0,6.68,2600.0,6.67,6000.0,6.66,1500.0,6.65,37600.0,6.64,62200.0,6.63,400.0,6.62,3000.0,6.84,11400.0,6.85,20400.0,6.86,3800.0,6.87,7800.0,6.88,35600.0,6.89,24500.0,6.9,104800.0,6.91,13400.0,6.92,28500.0,6.93,8000.0,6.94,3800.0,6.95,63300.0,6.96,18100.0,6.97,10800.0,6.98,157600.0,6.99,48100.0,7.0,318500.0,7.01,13900.0,7.02,22600.0,7.03,3400.0
09:30:01.800,6.81,21000.0,6.8,3700.0,6.79,500.0,6.78,4500.0,6.77,100.0,6.76,21500.0,6.75,35700.0,6.74,5000.0,6.73,18400.0,6.72,4000.0,6.71,3000.0,6.7,76200.0,6.69,50000.0,6.68,2600.0,6.67,6000.0,6.66,1500.0,6.65,37600.0,6.64,62200.0,6.63,400.0,6.62,3000.0,6.84,11400.0,6.85,20400.0,6.86,3800.0,6.87,7800.0,6.88,35600.0,6.89,24500.0,6.9,104800.0,6.91,13400.0,6.92,28500.0,6.93,8000.0,6.94,3800.0,6.95,63300.0,6.96,18100.0,6.97,10800.0,6.98,157600.0,6.99,48100.0,7.0,318500.0,7.01,13900.0,7.02,22600.0,7.03,3400.0
09:30:01.930,6.81,21000.0,6.8,3700.0,6.79,500.0,6.78,4500.0,6.77,100.0,6.76,21500.0,6.75,35700.0,6.74,5000.0,6.73,18400.0,6.72,4000.0,6.71,3000.0,6.7,76200.0,6.69,50000.0,6.68,2600.0,6.67,6000.0,6.66,1500.0,6.65,37600.0,6.64,62200.0,6.63,400.0,6.62,3000.0,6.84,11400.0,6.85,20400.0,6.86,3800.0,6.87,7800.0,6.88,35600.0,6.89,24500.0,6.9,104800.0,6.91,13400.0,6.92,28500.0,6.93,8000.0,6.94,3800.0,6.95,63300.0,6.96,18100.0,6.97,10800.0,6.98,157600.0,6.99,48100.0,7.0,318500.0,7.01,13900.0,7.02,22600.0,7.03,3400.0
09:30:01.930,6.81,21000.0,6.8,3700.0,6.79,500.0,6.78,4500.0,6.77,100.0,6.76,21500.0,6.75,35700.0,6.74,5000.0,6.73,18400.0,6.72,4000.0,6.71,3000.0,6.7,76200.0,6.69,50000.0,6.68,2600.0,6.67,6000.0,6.66,1500.0,6.65,37600.0,6.64,62200.0,6.63,400.0,6.62,3000.0,6.82,100.0,6.84,11400.0,6.85,20400.0,6.86,3800.0,6.87,7800.0,6.88,35600.0,6.89,24500.0,6.9,104800.0,6.91,13400.0,6.92,28500.0,6.93,8000.0,6.94,3800.0,6.95,63300.0,6.96,18100.0,6.97,10800.0,6.98,157600.0,6.99,48100.0,7.0,318500.0,7.01,13900.0,7.02,22600.0
09:30:01.930,6.81,21000.0,6.8,3700.0,6.79,500.0,6.78,4500.0,6.77,100.0,6.76,21500.0,6.75,35700.0,6.74,5000.0,6.73,18400.0,6.72,4000.0,6.71,3000.0,6.7,76200.0,6.69,50000.0,6.68,2600.0,6.67,6000.0,6.66,1500.0,6.65,37600.0,6.64,62200.0,6.63,400.0,6.62,3000.0,6.82,100.0,6.84,11400.0,6.85,20400.0,6.86,3800.0,6.87,7800.0,6.88,35600.0,6.89,24500.0,6.9,105800.0,6.91,13400.0,6.92,28500.0,6.93,8000.0,6.94,3800.0,6.95,63300.0,6.96,18100.0,6.97,10800.0,6.98,157600.0,6.99,48100.0,7.0,318500.0,7.01,13900.0,7.02,22600.0
09:30:01.930,6.81,21000.0,6.8,3700.0,6.79,500.0,6.78,4500.0,6.77,100.0,6.76,21500.0,6.75,35700.0,6.74,5000.0,6.73,18400.0,6.72,4000.0,6.71,3000.0,6.7,76200.0,6.69,50000.0,6.68,2600.0,6.67,6000.0,6.66,1500.0,6.65,37600.0,6.64,62200.0,6.63,400.0,6.62,3000.0,6.82,100.0,6.84,11400.0,6.85,20400.0,6.86,3800.0,6.87,7800.0,6.88,35600.0,6.89,24500.0,6.9,105800.0,6.91,13400.0,6.92,38500.0,6.93,8000.0,6.94,3800.0,6.95,63300.0,6.96,18100.0,6.97,10800.0,6.98,157600.0,6.99,48100.0,7.0,318500.0,7.01,13900.0,7.02,22600.0
09:30:01.930,6.81,21000.0,6.8,3700.0,6.79,500.0,6.78,4500.0,6.77,100.0,6.76,21500.0,6.75,35700.0,6.74,5000.0,6.73,18400.0,6.72,4000.0,6.71,3000.0,6.7,76200.0,6.69,50000.0,6.68,2600.0,6.67,6000.0,6.66,1500.0,6.65,37600.0,6.64,62200.0,6.63,400.0,6.62,3000.0,6.84,11400.0,6.85,20400.0,6.86,3800.0,6.87,7800.0,6.88,35600.0,6.89,24500.0,6.9,105800.0,6.91,13400.0,6.92,38500.0,6.93,8000.0,6.94,3800.0,6.95,63300.0,6.96,18100.0,6.97,10800.0,6.98,157600.0,6.99,48100.0,7.0,318500.0,7.01,13900.0,7.02,22600.0,7.03,3400.0
09:30:01.930,6.81,21000.0,6.8,3700.0,6.79,500.0,6.78,4500.0,6.77,100.0,6.76,21500.0,6.75,35700.0,6.74,5000.0,6.73,18400.0,6.72,4000.0,6.71,3000.0,6.7,76200.0,6.69,50000.0,6.68,2600.0,6.67,6000.0,6.66,1500.0,6.65,37600.0,6.64,62200.0,6.63,400.0,6.62,3000.0,6.84,11000.0,6.85,20400.0,6.86,3800.0,6.87,7800.0,6.88,35600.0,6.89,24500.0,6.9,105800.0,6.91,13400.0,6.92,38500.0,6.93,8000.0,6.94,3800.0,6.95,63300.0,6.96,18100.0,6.97,10800.0,6.98,157600.0,6.99,48100.0,7.0,318500.0,7.01,13900.0,7.02,22600.0,7.03,3400.0
09:30:02.060,6.81,21000.0,6.8,3700.0,6.79,500.0,6.78,4500.0,6.77,100.0,6.76,21500.0,6.75,35700.0,6.74,5000.0,6.73,18400.0,6.72,4000.0,6.71,3000.0,6.7,76200.0,6.69,50000.0,6.68,2600.0,6.67,6000.0,6.66,1500.0,6.65,37600.0,6.64,62200.0,6.63,400.0,6.62,3000.0,6.84,11000.0,6.85,20400.0,6.86,3800.0,6.87,7800.0,6.88,35600.0,6.89,24500.0,6.9,105800.0,6.91,13400.0,6.92,38500.0,6.93,8000.0,6.94,3800.0,6.95,63300.0,6.96,18100.0,6.97,10800.0,6.98,157600.0,6.99,48100.0,7.0,328500.0,7.01,13900.0,7.02,22600.0,7.03,3400.0
09:30:02.060,6.81,21000.0,6.8,3700.0,6.79,500.0,6.78,4500.0,6.77,100.0,6.76,21500.0,6.75,35700.0,6.74,5000.0,6.73,18400.0,6.72,4000.0,6.71,3000.0,6.7,76200.0,6.69,50000.0,6.68,2600.0,6.67,6000.0,6.66,1500.0,6.65,37600.0,6.64,62200.0,6.63,400.0,6.62,3000.0,6.84,11000.0,6.85,20400.0,6.86,3800.0,6.87,7800.0,6.88,35600.0,6.89,24500.0,6.9,105800.0,6.91,13400.0,6.92,38500.0,6.93,8000.0,6.94,3800.0,6.95,63300.0,6.96,18100.0,6.97,10800.0,6.98,157600.0,6.99,48100.0,7.0,328500.0,7.01,23900.0,7.02,22600.0,7.03,3400.0
09:30:02.060,6.81,21000.0,6.8,3700.0,6.79,500.0,6.78,4500.0,6.77,100.0,6.76,21500.0,6.75,35700.0,6.74,5000.0,6.73,18400.0,6.72,4000.0,6.71,3000.0,6.7,76200.0,6.69,50000.0,6.68,2600.0,6.67,6000.0,6.66,1500.0,6.65,37600.0,6.64,62200.0,6.63,400.0,6.62,3000.0,6.84,11000.0,6.85,20400.0,6.86,3800.0,6.87,7800.0,6.88,35600.0,6.89,24500.0,6.9,105800.0,6.91,13400.0,6.92,38500.0,6.93,8000.0,6.94,3800.0,6.95,68300.0,6.96,18100.0,6.97,10800.0,6.98,157600.0,6.99,48100.0,7.0,328500.0,7.01,23900.0,7.02,22600.0,7.03,3400.0
09:30:02.060,6.81,21000.0,6.8,3700.0,6.79,500.0,6.78,4500.0,6.77,100.0,6.76,21500.0,6.75,35700.0,6.74,5000.0,6.73,18400.0,6.72,4000.0,6.71,3000.0,6.7,76200.0,6.69,50000.0,6.68,2600.0,6.67,6000.0,6.66,1500.0,6.65,37600.0,6.64,62200.0,6.63,400.0,6.62,3000.0,6.84,11000.0,6.85,20400.0,6.86,3800.0,6.87,7800.0,6.88,35600.0,6.89,24500.0,6.9,105800.0,6.91,13400.0,6.92,38500.0,6.93,8000.0,6.94,3800.0,6.95,68300.0,6.96,18100.0,6.97,10800.0,6.98,157600.0,6.99,48100.0,7.0,328500.0,7.01,23900.0,7.02,22600.0,7.03,3400.0
09:30:02.060,6.81,21000.0,6.8,3700.0,6.79,500.0,6.78,4500.0,6.77,100.0,6.76,21500.0,6.75,35700.0,6.74,5000.0,6.73,18400.0,6.72,4000.0,6.71,3000.0,6.7,76200.0,6.69,50000.0,6.68,2600.0,6.67,6000.0,6.66,1500.0,6.65,37600.0,6.64,62200.0,6.63,400.0,6.62,3000.0,6.84,11000.0,6.85,20400.0,6.86,3800.0,6.87,7800.0,6.88,35600.0,6.89,24500.0,6.9,105800.0,6.91,13400.0,6.92,38500.0,6.93,8000.0,6.94,3800.0,6.95,68300.0,6.96,18100.0,6.97,10800.0,6.98,157600.0,6.99,48100.0,7.0,328500.0,7.01,23900.0,7.02,22600.0,7.03,3400.0
09:30:02.060,6.81,21000.0,6.8,3700.0,6.79,500.0,6.78,4500.0,6.77,100.0,6.76,21500.0,6.75,35700.0,6.74,5000.0,6.73,18400.0,6.72,4000.0,6.71,3000.0,6.7,76200.0,6.69,50000.0,6.68,2600.0,6.67,6000.0,6.66,1500.0,6.65,37600.0,6.64,62200.0,6.63,400.0,6.62,3000.0,6.84,11000.0,6.85,20400.0,6.86,3800.0,6.87,7800.0,6.88,35600.0,6.89,24500.0,6.9,105800.0,6.91,13400.0,6.92,38500.0,6.93,8000.0,6.94,3800.0,6.95,68300.0,6.96,18100.0,6.97,10800.0,6.98,157600.0,6.99,48100.0,7.0,368500.0,7.01,23900.0,7.02,22600.0,7.03,3400.0
09:30:02.060,6.81,21000.0,6.8,3700.0,6.79,500.0,6.78,4500.0,6.77,100.0,6.76,21500.0,6.75,35700.0,6.74,5000.0,6.73,18400.0,6.72,4000.0,6.71,3000.0,6.7,76200.0,6.69,50000.0,6.68,2600.0,6.67,6000.0,6.66,1500.0,6.65,37600.0,6.64,62200.0,6.63,400.0,6.62,3000.0,6.84,11000.0,6.85,20400.0,6.86,3800.0,6.87,7800.0,6.88,35600.0,6.89,24500.0,6.9,105800.0,6.91,13400.0,6.92,38500.0,6.93,8000.0,6.94,3800.0,6.95,68300.0,6.96,18100.0,6.97,10800.0,6.98,157600.0,6.99,57100.0,7.0,368500.0,7.01,23900.0,7.02,22600.0,7.03,3400.0
09:30:02.060,6.81,20500.0,6.8,3700.0,6.79,500.0,6.78,4500.0,6.77,100.0,6.76,21500.0,6.75,35700.0,6.74,5000.0,6.73,18400.0,6.72,4000.0,6.71,3000.0,6.7,76200.0,6.69,50000.0,6.68,2600.0,6.67,6000.0,6.66,1500.0,6.65,37600.0,6.64,62200.0,6.63,400.0,6.62,3000.0,6.84,11000.0,6.85,20400.0,6.86,3800.0,6.87,7800.0,6.88,35600.0,6.89,24500.0,6.9,105800.0,6.91,13400.0,6.92,38500.0,6.93,8000.0,6.94,3800.0,6.95,68300.0,6.96,18100.0,6.97,10800.0,6.98,157600.0,6.99,57100.0,7.0,368500.0,7.01,23900.0,7.02,22600.0,7.03,3400.0
09:30:02.060,6.81,20000.0,6.8,3700.0,6.79,500.0,6.78,4500.0,6.77,100.0,6.76,21500.0,6.75,35700.0,6.74,5000.0,6.73,18400.0,6.72,4000.0,6.71,3000.0,6.7,76200.0,6.69,50000.0,6.68,2600.0,6.67,6000.0,6.66,1500.0,6.65,37600.0,6.64,62200.0,6.63,400.0,6.62,3000.0,6.84,11000.0,6.85,20400.0,6.86,3800.0,6.87,7800.0,6.88,35600.0,6.89,24500.0,6.9,105800.0,6.91,13400.0,6.92,38500.0,6.93,8000.0,6.94,3800.0,6.95,68300.0,6.96,18100.0,6.97,10800.0,6.98,157600.0,6.99,57100.0,7.0,368500.0,7.01,23900.0,7.02,22600.0,7.03,3400.0
09:30:02.060,6.81,11300.0,6.8,3700.0,6.79,500.0,6.78,4500.0,6.77,100.0,6.76,21500.0,6.75,35700.0,6.74,5000.0,6.73,18400.0,6.72,4000.0,6.71,3000.0,6.7,76200.0,6.69,50000.0,6.68,2600.0,6.67,6000.0,6.66,1500.0,6.65,37600.0,6.64,62200.0,6.63,400.0,6.62,3000.0,6.84,11000.0,6.85,20400.0,6.86,3800.0,6.87,7800.0,6.88,35600.0,6.89,24500.0,6.9,105800.0,6.91,13400.0,6.92,38500.0,6.93,8000.0,6.94,3800.0,6.95,68300.0,6.96,18100.0,6.97,10800.0,6.98,157600.0,6.99,57100.0,7.0,368500.0,7.01,23900.0,7.02,22600.0,7.03,3400.0
09:30:02.180,6.81,11300.0,6.8,3700.0,6.79,500.0,6.78,4500.0,6.77,100.0,6.76,21500.0,6.75,35700.0,6.74,5000.0,6.73,18400.0,6.72,4000.0,6.71,3000.0,6.7,76200.0,6.69,50000.0,6.68,2600.0,6.67,6000.0,6.66,1500.0,6.65,37600.0,6.64,62200.0,6.63,400.0,6.62,3000.0,6.84,11000.0,6.85,20400.0,6.86,3800.0,6.87,7800.0,6.88,36100.0,6.89,24500.0,6.9,105800.0,6.91,13400.0,6.92,38500.0,6.93,8000.0,6.94,3800.0,6.95,68300.0,6.96,18100.0,6.97,10800.0,6.98,157600.0,6.99,57100.0,7.0,368500.0,7.01,23900.0,7.02,22600.0,7.03,3400.0
09:30:02.180,6.81,11300.0,6.8,3700.0,6.79,500.0,6.78,4500.0,6.77,100.0,6.76,21500.0,6.75,35700.0,6.74,5000.0,6.73,18400.0,6.72,4000.0,6.71,3000.0,6.7,76200.0,6.69,50000.0,6.68,2600.0,6.67,6000.0,6.66,1500.0,6.65,37600.0,6.64,62200.0,6.63,400.0,6.62,3000.0,6.84,11000.0,6.85,20400.0,6.86,3800.0,6.87,7800.0,6.88,36100.0,6.89,24500.0,6.9,111800.0,6.91,13400.0,6.92,38500.0,6.93,8000.0,6.94,3800.0,6.95,68300.0,6.96,18100.0,6.97,10800.0,6.98,157600.0,6.99,57100.0,7.0,368500.0,7.01,23900.0,7.02,22600.0,7.03,3400.0
09:30:02.180,6.81,11300.0,6.8,3700.0,6.79,500.0,6.78,4500.0,6.77,100.0,6.76,21500.0,6.75,35700.0,6.74,5000.0,6.73,18400.0,6.72,4000.0,6.71,3000.0,6.7,76200.0,6.69,50000.0,6.68,2600.0,6.67,6000.0,6.66,1500.0,6.65,37600.0,6.64,62200.0,6.63,400.0,6.62,3000.0,6.84,11000.0,6.85,20400.0,6.86,3800.0,6.87,7800.0,6.88,36100.0,6.89,24500.0,6.9,114200.0,6.91,13400.0,6.92,38500.0,6.93,8000.0,6.94,3800.0,6.95,68300.0,6.96,18100.0,6.97,10800.0,6.98,157600.0,6.99,57100.0,7.0,368500.0,7.01,23900.0,7.02,22600.0,7.03,3400.0
09:30:02.180,6.81,11300.0,6.8,3700.0,6.79,500.0,6.78,4500.0,6.77,100.0,6.76,21500.0,6.75,35700.0,6.74,5000.0,6.73,18400.0,6.72,4000.0,6.71,3000.0,6.7,76200.0,6.69,50000.0,6.68,2600.0,6.67,6000.0,6.66,1500.0,6.65,37600.0,6.64,62200.0,6.63,400.0,6.62,3000.0,6.84,11000.0,6.85,20400.0,6.86,3800.0,6.87,7800.0,6.88,36100.0,6.89,44500.0,6.9,114200.0,6.91,13400.0,6.92,38500.0,6.93,8000.0,6.94,3800.0,6.95,68300.0,6.96,18100.0,6.97,10800.0,6.98,157600.0,6.99,57100.0,7.0,368500.0,7.01,23900.0,7.02,22600.0,7.03,3400.0
09:30:02.180,6.81,11300.0,6.8,3700.0,6.79,500.0,6.78,4500.0,6.77,100.0,6.76,21500.0,6.75,35700.0,6.74,5000.0,6.73,18400.0,6.72,4000.0,6.71,3000.0,6.7,76200.0,6.69,50000.0,6.68,2600.0,6.67,6000.0,6.66,1500.0,6.65,37600.0,6.64,62200.0,6.63,400.0,6.62,3000.0,6.84,11000.0,6.85,20400.0,6.86,3800.0,6.87,7800.0,6.88,36100.0,6.89,44500.0,6.9,114200.0,6.91,13400.0,6.92,38500.0,6.93,8000.0,6.94,3800.0,6.95,68300.0,6.96,18100.0,6.97,10800.0,6.98,157600.0,6.99,67100.0,7.0,368500.0,7.01,23900.0,7.02,22600.0,7.03,3400.0
09:30:02.180,6.81,11300.0,6.8,3700.0,6.79,500.0,6.78,4500.0,6.77,100.0,6.76,21500.0,6.75,35700.0,6.74,5000.0,6.73,18400.0,6.72,4000.0,6.71,3000.0,6.7,76200.0,6.69,50000.0,6.68,2600.0,6.67,6000.0,6.66,1500.0,6.65,37600.0,6.64,62200.0,6.63,400.0,6.62,3000.0,6.84,10800.0,6.85,20400.0,6.86,3800.0,6.87,7800.0,6.88,36100.0,6.89,44500.0,6.9,114200.0,6.91,13400.0,6.92,38500.0,6.93,8000.0,6.94,3800.0,6.95,68300.0,6.96,18100.0,6.97,10800.0,6.98,157600.0,6.99,67100.0,7.0,368500.0,7.01,23900.0,7.02,22600.0,7.03,3400.0
09:30:02.180,6.81,11300.0,6.8,3700.0,6.79,500.0,6.78,4500.0,6.77,100.0,6.76,21500.0,6.75,35700.0,6.74,5000.0,6.73,18400.0,6.72,4000.0,6.71,3000.0,6.7,76200.0,6.69,50000.0,6.68,2600.0,6.67,6000.0,6.66,1500.0,6.65,37600.0,6.64,62200.0,6.63,400.0,6.62,3000.0,6.84,10800.0,6.85,20400.0,6.86,3800.0,6.87,7800.0,6.88,36100.0,6.89,44500.0,6.9,114200.0,6.91,13400.0,6.92,38500.0,6.93,8000.0,6.94,3800.0,6.95,68300.0,6.96,18100.0,6.97,10800.0,6.98,157600.0,6.99,67100.0,7.0,368500.0,7.01,23900.0,7.02,22600.0,7.03,3400.0
09:30:02.180,6.81,11300.0,6.8,3700.0,6.79,500.0,6.78,4500.0,6.77,100.0,6.76,21500.0,6.75,35700.0,6.74,5000.0,6.73,18400.0,6.72,4000.0,6.71,3000.0,6.7,76200.0,6.69,50000.0,6.68,2600.0,6.67,6000.0,6.66,1500.0,6.65,37600.0,6.64,62200.0,6.63,400.0,6.62,3000.0,6.84,10800.0,6.85,20400.0,6.86,3800.0,6.87,11400.0,6.88,36100.0,6.89,44500.0,6.9,114200.0,6.91,13400.0,6.92,38500.0,6.93,8000.0,6.94,3800.0,6.95,68300.0,6.96,18100.0,6.97,10800.0,6.98,157600.0,6.99,67100.0,7.0,368500.0,7.01,23900.0,7.02,22600.0,7.03,3400.0
09:30:02.340,6.81,11300.0,6.8,3700.0,6.79,500.0,6.78,4500.0,6.77,100.0,6.76,21500.0,6.75,35700.0,6.74,5000.0,6.73,18400.0,6.72,4000.0,6.71,3000.0,6.7,76200.0,6.69,50000.0,6.68,2600.0,6.67,6000.0,6.66,1500.0,6.65,37600.0,6.64,62200.0,6.63,400.0,6.62,3000.0,6.84,10800.0,6.85,20400.0,6.86,3800.0,6.87,11400.0,6.88,36100.0,6.89,44500.0,6.9,114200.0,6.91,13400.0,6.92,41500.0,6.93,8000.0,6.94,3800.0,6.95,68300.0,6.96,18100.0,6.97,10800.0,6.98,157600.0,6.99,67100.0,7.0,368500.0,7.01,23900.0,7.02,22600.0,7.03,3400.0
09:30:02.340,6.81,11300.0,6.8,3700.0,6.79,500.0,6.78,4500.0,6.77,100.0,6.76,21500.0,6.75,35700.0,6.74,5000.0,6.73,18400.0,6.72,4000.0,6.71,3000.0,6.7,76200.0,6.69,50000.0,6.68,2600.0,6.67,6000.0,6.66,1500.0,6.65,37600.0,6.64,62200.0,6.63,400.0,6.62,3000.0,6.84,10800.0,6.85,20400.0,6.86,3800.0,6.87,11400.0,6.88,36100.0,6.89,44500.0,6.9,114200.0,6.91,13400.0,6.92,41500.0,6.93,8000.0,6.94,33800.0,6.95,68300.0,6.96,18100.0,6.97,10800.0,6.98,157600.0,6.99,67100.0,7.0,368500.0,7.01,23900.0,7.02,22600.0,7.03,3400.0
09:30:02.340,6.81,11300.0,6.8,3700.0,6.79,500.0,6.78,4500.0,6.77,100.0,6.76,21500.0,6.75,35700.0,6.74,5000.0,6.73,18400.0,6.72,4000.0,6.71,3000.0,6.7,76200.0,6.69,50000.0,6.68,2600.0,6.67,6000.0,6.66,1500.0,6.65,37600.0,6.64,62200.0,6.63,400.0,6.62,3000.0,6.84,10800.0,6.85,20400.0,6.86,3800.0,6.87,11400.0,6.88,36100.0,6.89,44500.0,6.9,114200.0,6.91,13400.0,6.92,41500.0,6.93,8000.0,6.94,33800.0,6.95,68300.0,6.96,18100.0,6.97,10800.0,6.98,157600.0,6.99,67100.0,7.0,368500.0,7.01,23900.0,7.02,22600.0,7.03,3400.0
09:30:02.340,6.82,500.0,6.81,11300.0,6.8,3700.0,6.79,500.0,6.78,4500.0,6.77,100.0,6.76,21500.0,6.75,35700.0,6.74,5000.0,6.73,18400.0,6.72,4000.0,6.71,3000.0,6.7,76200.0,6.69,50000.0,6.68,2600.0,6.67,6000.0,6.66,1500.0,6.65,37600.0,6.64,62200.0,6.63,400.0,6.84,10800.0,6.85,20400.0,6.86,3800.0,6.87,11400.0,6.88,36100.0,6.89,44500.0,6.9,114200.0,6.91,13400.0,6.92,41500.0,6.93,8000.0,6.94,33800.0,6.95,68300.0,6.96,18100.0,6.97,10800.0,6.98,157600.0,6.99,67100.0,7.0,368500.0,7.01,23900.0,7.02,22600.0,7.03,3400.0
09:30:02.340,6.82,500.0,6.81,11300.0,6.8,3700.0,6.79,500.0,6.78,4500.0,6.77,100.0,6.76,21500.0,6.75,35700.0,6.74,5000.0,6.73,18400.0,6.72,4000.0,6.71,3000.0,6.7,76200.0,6.69,50000.0,6.68,2600.0,6.67,6000.0,6.66,1500.0,6.65,37600.0,6.64,62200.0,6.63,400.0,6.84,10800.0,6.85,20400.0,6.86,3800.0,6.87,11400.0,6.88,36100.0,6.89,44500.0,6.9,114200.0,6.91,13400.0,6.92,41500.0,6.93,8000.0,6.94,33800.0,6.95,68300.0,6.96,18100.0,6.97,10800.0,6.98,157600.0,6.99,67100.0,7.0,368500.0,7.01,23900.0,7.02,22600.0,7.03,3400.0
09:30:02.340,6.82,500.0,6.81,11300.0,6.8,3700.0,6.79,500.0,6.78,4500.0,6.77,100.0,6.76,21500.0,6.75,35700.0,6.74,5000.0,6.73,18400.0,6.72,4000.0,6.71,3000.0,6.7,76200.0,6.69,50000.0,6.68,2600.0,6.67,6000.0,6.66,1500.0,6.65,37600.0,6.64,62200.0,6.63,400.0,6.84,10800.0,6.85,20400.0,6.86,3800.0,6.87,11400.0,6.88,36100.0,6.89,44500.0,6.9,114200.0,6.91,13400.0,6.92,41500.0,6.93,8000.0,6.94,33800.0,6.95,68300.0,6.96,18100.0,6.97,10800.0,6.98,157600.0,6.99,67100.0,7.0,368500.0,7.01,23900.0,7.02,22600.0,7.03,3400.0
09:30:02.470,6.82,500.0,6.81,11300.0,6.8,3700.0,6.79,500.0,6.78,4500.0,6.77,100.0,6.76,21500.0,6.75,35700.0,6.74,5000.0,6.73,18400.0,6.72,4000.0,6.71,3000.0,6.7,76200.0,6.69,50000.0,6.68,2600.0,6.67,6000.0,6.66,1500.0,6.65,37600.0,6.64,62200.0,6.63,400.0,6.84,10800.0,6.85,20400.0,6.86,3800.0,6.87,11400.0,6.88,36100.0,6.89,44500.0,6.9,114200.0,6.91,13400.0,6.92,41500.0,6.93,8000.0,6.94,33800.0,6.95,68300.0,6.96,18100.0,6.97,10800.0,6.98,157600.0,6.99,67100.0,7.0,368500.0,7.01,23900.0,7.02,22600.0,7.03,3400.0
09:30:02.470,6.82,500.0,6.81,11300.0,6.8,3700.0,6.79,500.0,6.78,4500.0,6.77,100.0,6.76,21500.0,6.75,35700.0,6.74,5000.0,6.73,18400.0,6.72,4000.0,6.71,3000.0,6.7,76200.0,6.69,50000.0,6.68,2600.0,6.67,6000.0,6.66,1500.0,6.65,37600.0,6.64,62200.0,6.63,400.0,6.84,10800.0,6.85,20400.0,6.86,3800.0,6.87,11400.0,6.88,36100.0,6.89,44500.0,6.9,114200.0,6.91,13400.0,6.92,41500.0,6.93,8000.0,6.94,33800.0,6.95,68300.0,6.96,18100.0,6.97,10800.0,6.98,157600.0,6.99,67100.0,7.0,368500.0,7.01,23900.0,7.02,22600.0,7.03,3400.0
09:30:02.620,6.82,500.0,6.81,11300.0,6.8,3700.0,6.79,500.0,6.78,4500.0,6.77,100.0,6.76,21500.0,6.75,35700.0,6.74,5000.0,6.73,18400.0,6.72,4000.0,6.71,3000.0,6.7,76200.0,6.69,50000.0,6.68,2600.0,6.67,6000.0,6.66,1500.0,6.65,37600.0,6.64,62200.0,6.63,400.0,6.84,10800.0,6.85,20400.0,6.86,4800.0,6.87,11400.0,6.88,36100.0,6.89,44500.0,6.9,114200.0,6.91,13400.0,6.92,41500.0,6.93,8000.0,6.94,33800.0,6.95,68300.0,6.96,18100.0,6.97,10800.0,6.98,157600.0,6.99,67100.0,7.0,368500.0,7.01,23900.0,7.02,22600.0,7.03,3400.0
09:30:02.620,6.82,500.0,6.81,11300.0,6.8,3700.0,6.79,500.0,6.78,4500.0,6.77,100.0,6.76,21500.0,6.75,35700.0,6.74,5000.0,6.73,18400.0,6.72,4000.0,6.71,3000.0,6.7,76200.0,6.69,50000.0,6.68,2600.0,6.67,6000.0,6.66,1500.0,6.65,37600.0,6.64,62200.0,6.63,400.0,6.84,10800.0,6.85,20400.0,6.86,4800.0,6.87,11400.0,6.88,36100.0,6.89,44500.0,6.9,114200.0,6.91,13400.0,6.92,41500.0,6.93,8000.0,6.94,33800.0,6.95,68300.0,6.96,23000.0,6.97,10800.0,6.98,157600.0,6.99,67100.0,7.0,368500.0,7.01,23900.0,7.02,22600.0,7.03,3400.0
09:30:02.620,6.82,500.0,6.81,11300.0,6.8,7800.0,6.79,500.0,6.78,4500.0,6.77,100.0,6.76,21500.0,6.75,35700.0,6.74,5000.0,6.73,18400.0,6.72,4000.0,6.71,3000.0,6.7,76200.0,6.69,50000.0,6.68,2600.0,6.67,6000.0,6.66,1500.0,6.65,37600.0,6.64,62200.0,6.63,400.0,6.84,10800.0,6.85,20400.0,6.86,4800.0,6.87,11400.0,6.88,36100.0,6.89,44500.0,6.9,114200.0,6.91,13400.0,6.92,41500.0,6.93,8000.0,6.94,33800.0,6.95,68300.0,6.96,23000.0,6.97,10800.0,6.98,157600.0,6.99,67100.0,7.0,368500.0,7.01,23900.0,7.02,22600.0,7.03,3400.0
09:30:02.670,6.82,500.0,6.81,11300.0,6.8,7800.0,6.79,500.0,6.78,4500.0,6.77,100.0,6.76,21500.0,6.75,35700.0,6.74,5000.0,6.73,18400.0,6.72,4000.0,6.71,3000.0,6.7,76200.0,6.69,50000.0,6.68,2600.0,6.67,6000.0,6.66,1500.0,6.65,37600.0,6.64,62200.0,6.63,400.0,6.84,10800.0,6.85,20400.0,6.86,4800.0,6.87,11400.0,6.88,36100.0,6.89,44500.0,6.9,114200.0,6.91,13400.0,6.92,41500.0,6.93,8000.0,6.94,33800.0,6.95,68300.0,6.96,18100.0,6.97,10800.0,6.98,157600.0,6.99,67100.0,7.0,368500.0,7.01,23900.0,7.02,22600.0,7.03,3400.0
09:30:02.670,6.82,500.0,6.81,11300.0,6.8,7800.0,6.79,500.0,6.78,4500.0,6.77,100.0,6.76,21500.0,6.75,35700.0,6.74,5000.0,6.73,18400.0,6.72,4000.0,6.71,3000.0,6.7,76200.0,6.69,50000.0,6.68,2600.0,6.67,6000.0,6.66,1500.0,6.65,37600.0,6.64,62200.0,6.63,400.0,6.84,10800.0,6.85,20400.0,6.86,4800.0,6.87,12900.0,6.88,36100.0,6.89,44500.0,6.9,114200.0,6.91,13400.0,6.92,41500.0,6.93,8000.0,6.94,33800.0,6.95,68300.0,6.96,18100.0,6.97,10800.0,6.98,157600.0,6.99,67100.0,7.0,368500.0,7.01,23900.0,7.02,22600.0,7.03,3400.0
09:30:02.670,6.82,500.0,6.81,11300.0,6.8,7800.0,6.79,500.0,6.78,4500.0,6.77,100.0,6.76,21500.0,6.75,35700.0,6.74,5000.0,6.73,18400.0,6.72,4000.0,6.71,3000.0,6.7,76200.0,6.69,50000.0,6.68,2600.0,6.67,6000.0,6.66,1500.0,6.65,37600.0,6.64,62200.0,6.63,400.0,6.84,10800.0,6.85,20400.0,6.86,4800.0,6.87,12900.0,6.88,36100.0,6.89,44500.0,6.9,114200.0,6.91,13400.0,6.92,41500.0,6.93,8000.0,6.94,33800.0,6.95,68300.0,6.96,18100.0,6.97,10800.0,6.98,157600.0,6.99,67100.0,7.0,368500.0,7.01,23900.0,7.02,22600.0,7.03,3400.0
09:30:02.670,6.82,500.0,6.81,11300.0,6.8,7800.0,6.79,500.0,6.78,4500.0,6.77,100.0,6.76,21500.0,6.75,35700.0,6.74,5000.0,6.73,18400.0,6.72,4000.0,6.71,3000.0,6.7,76200.0,6.69,50000.0,6.68,2600.0,6.67,6000.0,6.66,1500.0,6.65,37600.0,6.64,62200.0,6.63,400.0,6.84,10800.0,6.85,20400.0,6.86,4800.0,6.87,12900.0,6.88,36100.0,6.89,44500.0,6.9,114200.0,6.91,13400.0,6.92,41500.0,6.93,8000.0,6.94,33800.0,6.95,68300.0,6.96,18100.0,6.97,10800.0,6.98,157600.0,6.99,67100.0,7.0,368500.0,7.01,23900.0,7.02,22600.0,7.03,3400.0
09:30:02.670,6.82,400.0,6.81,11300.0,6.8,7800.0,6.79,500.0,6.78,4500.0,6.77,100.0,6.76,21500.0,6.75,35700.0,6.74,5000.0,6.73,18400.0,6.72,4000.0,6.71,3000.0,6.7,76200.0,6.69,50000.0,6.68,2600.0,6.67,6000.0,6.66,1500.0,6.65,37600.0,6.64,62200.0,6.63,400.0,6.84,10800.0,6.85,20400.0,6.86,4800.0,6.87,12900.0,6.88,36100.0,6.89,44500.0,6.9,114200.0,6.91,13400.0,6.92,41500.0,6.93,8000.0,6.94,33800.0,6.95,68300.0,6.96,18100.0,6.97,10800.0,6.98,157600.0,6.99,67100.0,7.0,368500.0,7.01,23900.0,7.02,22600.0,7.03,3400.0
09:30:02.670,6.82,400.0,6.81,11300.0,6.8,7800.0,6.79,500.0,6.78,4500.0,6.77,100.0,6.76,21500.0,6.75,35700.0,6.74,5000.0,6.73,18400.0,6.72,4000.0,6.71,3000.0,6.7,76200.0,6.69,50000.0,6.68,2600.0,6.67,6000.0,6.66,1500.0,6.65,37600.0,6.64,62200.0,6.63,400.0,6.84,10800.0,6.85,20400.0,6.86,4800.0,6.87,12900.0,6.88,36100.0,6.89,44500.0,6.9,114200.0,6.91,13400.0,6.92,41500.0,6.93,8000.0,6.94,33800.0,6.95,68300.0,6.96,18100.0,6.97,10800.0,6.98,157600.0,6.99,67100.0,7.0,368500.0,7.01,23900.0,7.02,22600.0,7.03,3400.0
09:30:02.670,6.82,400.0,6.81,11300.0,6.8,7800.0,6.79,500.0,6.78,4500.0,6.77,100.0,6.76,21500.0,6.75,35700.0,6.74,5000.0,6.73,18400.0,6.72,4000.0,6.71,3000.0,6.7,76200.0,6.69,50000.0,6.68,2600.0,6.67,6000.0,6.66,1500.0,6.65,37600.0,6.64,62200.0,6.63,400.0,6.84,10800.0,6.85,20400.0,6.86,4800.0,6.87,12900.0,6.88,36100.0,6.89,44500.0,6.9,114200.0,6.91,13400.0,6.92,41500.0,6.93,8000.0,6.94,33800.0,6.95,68300.0,6.96,18100.0,6.97,10800.0,6.98,157600.0,6.99,67100.0,7.0,369700.0,7.01,23900.0,7.02,22600.0,7.03,3400.0
09:30:02.810,6.82,400.0,6.81,11300.0,6.8,7800.0,6.79,500.0,6.78,4500.0,6.77,100.0,6.76,21500.0,6.75,35700.0,6.74,5000.0,6.73,18400.0,6.72,4000.0,6.71,3000.0,6.7,76200.0,6.69,50000.0,6.68,2600.0,6.67,6000.0,6.66,1500.0,6.65,37600.0,6.64,62200.0,6.63,400.0,6.84,10800.0,6.85,20400.0,6.86,4800.0,6.87,12900.0,6.88,36100.0,6.89,44500.0,6.9,114200.0,6.91,13400.0,6.92,41500.0,6.93,8000.0,6.94,33800.0,6.95,68300.0,6.96,18100.0,6.97,10800.0,6.98,157600.0,6.99,67100.0,7.0,369700.0,7.01,23900.0,7.02,22600.0,7.03,3500.0
09:30:02.810,6.82,400.0,6.81,11300.0,6.8,7800.0,6.79,500.0,6.78,4500.0,6.77,100.0,6.76,21500.0,6.75,35700.0,6.74,5000.0,6.73,18400.0,6.72,4000.0,6.71,3000.0,6.7,76200.0,6.69,50000.0,6.68,2600.0,6.67,6000.0,6.66,1500.0,6.65,37600.0,6.64,62200.0,6.63,400.0,6.84,10800.0,6.85,20400.0,6.86,4800.0,6.87,12900.0,6.88,36100.0,6.89,44500.0,6.9,114200.0,6.91,13400.0,6.92,41500.0,6.93,8000.0,6.94,33800.0,6.95,68300.0,6.96,18100.0,6.97,10800.0,6.98,157600.0,6.99,67100.0,7.0,375700.0,7.01,23900.0,7.02,22600.0,7.03,3500.0
09:30:02.930,6.82,400.0,6.81,11300.0,6.8,7800.0,6.79,500.0,6.78,4500.0,6.77,100.0,6.76,21500.0,6.75,35700.0,6.74,5000.0,6.73,18400.0,6.72,4000.0,6.71,3000.0,6.7,76200.0,6.69,50000.0,6.68,2600.0,6.67,6000.0,6.66,1500.0,6.65,37600.0,6.64,62200.0,6.63,400.0,6.84,10800.0,6.85,20400.0,6.86,4800.0,6.87,12900.0,6.88,36100.0,6.89,44500.0,6.9,114200.0,6.91,13400.0,6.92,41500.0,6.93,8000.0,6.94,33800.0,6.95,68300.0,6.96,18100.0,6.97,10800.0,6.98,157600.0,6.99,67100.0,7.0,375700.0,7.01,23900.0,7.02,22600.0,7.03,3500.0
09:30:02.930,6.82,400.0,6.81,11300.0,6.8,7800.0,6.79,500.0,6.78,4500.0,6.77,100.0,6.76,21500.0,6.75,35700.0,6.74,5000.0,6.73,18400.0,6.72,4000.0,6.71,3000.0,6.7,76200.0,6.69,50000.0,6.68,2600.0,6.67,6000.0,6.66,1500.0,6.65,37600.0,6.64,62200.0,6.63,400.0,6.84,10800.0,6.85,20400.0,6.86,4800.0,6.87,14500.0,6.88,36100.0,6.89,44500.0,6.9,114200.0,6.91,13400.0,6.92,41500.0,6.93,8000.0,6.94,33800.0,6.95,68300.0,6.96,18100.0,6.97,10800.0,6.98,157600.0,6.99,67100.0,7.0,375700.0,7.01,23900.0,7.02,22600.0,7.03,3500.0
09:30:02.930,6.82,400.0,6.81,11300.0,6.8,7800.0,6.79,500.0,6.78,4500.0,6.77,100.0,6.76,21500.0,6.75,35700.0,6.74,5000.0,6.73,18400.0,6.72,4000.0,6.71,3000.0,6.7,76200.0,6.69,50000.0,6.68,2600.0,6.67,6000.0,6.66,1500.0,6.65,37600.0,6.64,62200.0,6.63,400.0,6.84,10800.0,6.85,20400.0,6.86,4800.0,6.87,14500.0,6.88,36100.0,6.89,44500.0,6.9,114200.0,6.91,13400.0,6.92,41500.0,6.93,8000.0,6.94,33800.0,6.95,68300.0,6.96,18100.0,6.97,10800.0,6.98,157600.0,6.99,67100.0,7.0,385700.0,7.01,23900.0,7.02,22600.0,7.03,3500.0
09:30:02.930,6.82,400.0,6.81,11300.0,6.8,7800.0,6.79,500.0,6.78,4500.0,6.77,100.0,6.76,21500.0,6.75,35700.0,6.74,5000.0,6.73,18400.0,6.72,4000.0,6.71,3000.0,6.7,76200.0,6.69,50000.0,6.68,2600.0,6.67,6000.0,6.66,1500.0,6.65,37600.0,6.64,62200.0,6.63,400.0,6.84,10800.0,6.85,20400.0,6.86,4800.0,6.87,14500.0,6.88,36100.0,6.89,44500.0,6.9,114200.0,6.91,13400.0,6.92,41500.0,6.93,8000.0,6.94,33800.0,6.95,70300.0,6.96,18100.0,6.97,10800.0,6.98,157600.0,6.99,67100.0,7.0,385700.0,7.01,23900.0,7.02,22600.0,7.03,3500.0
09:30:02.930,6.81,11300.0,6.8,7800.0,6.79,500.0,6.78,4500.0,6.77,100.0,6.76,21500.0,6.75,35700.0,6.74,5000.0,6.73,18400.0,6.72,4000.0,6.71,3000.0,6.7,76200.0,6.69,50000.0,6.68,2600.0,6.67,6000.0,6.66,1500.0,6.65,37600.0,6.64,62200.0,6.63,400.0,6.62,3000.0,6.84,10800.0,6.85,20400.0,6.86,4800.0,6.87,14500.0,6.88,36100.0,6.89,44500.0,6.9,114200.0,6.91,13400.0,6.92,41500.0,6.93,8000.0,6.94,33800.0,6.95,70300.0,6.96,18100.0,6.97,10800.0,6.98,157600.0,6.99,67100.0,7.0,385700.0,7.01,23900.0,7.02,22600.0,7.03,3500.0
09:30:02.930,6.8,7800.0,6.79,500.0,6.78,4500.0,6.77,100.0,6.76,21500.0,6.75,35700.0,6.74,5000.0,6.73,18400.0,6.72,4000.0,6.71,3000.0,6.7,76200.0,6.69,50000.0,6.68,2600.0,6.67,6000.0,6.66,1500.0,6.65,37600.0,6.64,62200.0,6.63,400.0,6.62,3000.0,6.61,14300.0,6.84,10800.0,6.85,20400.0,6.86,4800.0,6.87,14500.0,6.88,36100.0,6.89,44500.0,6.9,114200.0,6.91,13400.0,6.92,41500.0,6.93,8000.0,6.94,33800.0,6.95,70300.0,6.96,18100.0,6.97,10800.0,6.98,157600.0,6.99,67100.0,7.0,385700.0,7.01,23900.0,7.02,22600.0,7.03,3500.0
09:30:02.930,6.8,7800.0,6.79,500.0,6.78,4500.0,6.77,100.0,6.76,21500.0,6.75,35700.0,6.74,5000.0,6.73,18400.0,6.72,4000.0,6.71,3000.0,6.7,76200.0,6.69,50000.0,6.68,2600.0,6.67,6000.0,6.66,1500.0,6.65,37600.0,6.64,62200.0,6.63,400.0,6.62,3000.0,6.61,14300.0,6.81,28600.0,6.84,10800.0,6.85,20400.0,6.86,4800.0,6.87,14500.0,6.88,36100.0,6.89,44500.0,6.9,114200.0,6.91,13400.0,6.92,41500.0,6.93,8000.0,6.94,33800.0,6.95,70300.0,6.96,18100.0,6.97,10800.0,6.98,157600.0,6.99,67100.0,7.0,385700.0,7.01,23900.0,7.02,22600.0
09:30:02.930,6.8,7800.0,6.79,500.0,6.78,4500.0,6.77,100.0,6.76,21500.0,6.75,35700.0,6.74,5000.0,6.73,18400.0,6.72,4000.0,6.71,3000.0,6.7,76200.0,6.69,50000.0,6.68,2600.0,6.67,6000.0,6.66,1500.0,6.65,37600.0,6.64,62200.0,6.63,400.0,6.62,3000.0,6.61,14300.0,6.81,28600.0,6.84,10800.0,6.85,20400.0,6.86,4800.0,6.87,14500.0,6.88,36100.0,6.89,44500.0,6.9,114200.0,6.91,13400.0,6.92,41500.0,6.93,8000.0,6.94,33800.0,6.95,70300.0,6.96,18100.0,6.97,10800.0,6.98,157600.0,6.99,67100.0,7.0,385700.0,7.01,23900.0,7.02,22600.0
09:30:02.930,6.8,7800.0,6.79,500.0,6.78,4500.0,6.77,100.0,6.76,21500.0,6.75,35700.0,6.74,5000.0,6.73,18400.0,6.72,4000.0,6.71,3000.0,6.7,76200.0,6.69,50000.0,6.68,2600.0,6.67,6000.0,6.66,1500.0,6.65,37600.0,6.64,62200.0,6.63,400.0,6.62,3000.0,6.61,14300.0,6.81,28600.0,6.84,10800.0,6.85,20400.0,6.86,4800.0,6.87,14500.0,6.88,36100.0,6.89,44500.0,6.9,114200.0,6.91,13400.0,6.92,41500.0,6.93,8000.0,6.94,33800.0,6.95,70300.0,6.96,18100.0,6.97,10800.0,6.98,157600.0,6.99,67100.0,7.0,385700.0,7.01,23900.0,7.02,22600.0
09:30:02.930,6.8,7800.0,6.79,500.0,6.78,4500.0,6.77,100.0,6.76,21500.0,6.75,35700.0,6.74,5000.0,6.73,18400.0,6.72,4000.0,6.71,3000.0,6.7,76200.0,6.69,50000.0,6.68,2600.0,6.67,6000.0,6.66,1500.0,6.65,37600.0,6.64,62200.0,6.63,400.0,6.62,3000.0,6.61,14300.0,6.81,28600.0,6.84,10800.0,6.85,20400.0,6.86,4800.0,6.87,14500.0,6.88,36100.0,6.89,44500.0,6.9,114200.0,6.91,13400.0,6.92,41500.0,6.93,8000.0,6.94,33800.0,6.95,70300.0,6.96,18100.0,6.97,10800.0,6.98,157600.0,6.99,67100.0,7.0,385700.0,7.01,23900.0,7.02,22600.0
09:30:02.930,6.8,7800.0,6.79,500.0,6.78,4500.0,6.77,100.0,6.76,21500.0,6.75,35700.0,6.74,5000.0,6.73,18400.0,6.72,4000.0,6.71,3000.0,6.7,76200.0,6.69,50000.0,6.68,2600.0,6.67,6000.0,6.66,1500.0,6.65,37600.0,6.64,62200.0,6.63,400.0,6.62,3000.0,6.61,14300.0,6.81,28600.0,6.84,10800.0,6.85,20400.0,6.86,4800.0,6.87,14500.0,6.88,36100.0,6.89,44500.0,6.9,114200.0,6.91,13400.0,6.92,41500.0,6.93,8000.0,6.94,33800.0,6.95,70300.0,6.96,18100.0,6.97,10800.0,6.98,157600.0,6.99,67100.0,7.0,392700.0,7.01,23900.0,7.02,22600.0
09:30:02.930,6.8,7800.0,6.79,500.0,6.78,4500.0,6.77,100.0,6.76,21500.0,6.75,35700.0,6.74,5000.0,6.73,18400.0,6.72,4000.0,6.71,3000.0,6.7,76200.0,6.69,50000.0,6.68,2600.0,6.67,6000.0,6.66,1500.0,6.65,37600.0,6.64,62200.0,6.63,400.0,6.62,3000.0,6.61,14300.0,6.81,28600.0,6.84,10800.0,6.85,20400.0,6.86,4800.0,6.87,14500.0,6.88,36100.0,6.89,44500.0,6.9,114200.0,6.91,13400.0,6.92,41500.0,6.93,8000.0,6.94,33800.0,6.95,70300.0,6.96,18100.0,6.97,10800.0,6.98,157600.0,6.99,67100.0,7.0,392700.0,7.01,23900.0,7.02,22600.0
09:30:03.060,6.8,7800.0,6.79,500.0,6.78,4500.0,6.77,100.0,6.76,21500.0,6.75,35700.0,6.74,5000.0,6.73,18400.0,6.72,4000.0,6.71,3000.0,6.7,76200.0,6.69,50000.0,6.68,2600.0,6.67,6000.0,6.66,1500.0,6.65,37600.0,6.64,62200.0,6.63,400.0,6.62,3000.0,6.61,14300.0,6.81,26000.0,6.84,10800.0,6.85,20400.0,6.86,4800.0,6.87,14500.0,6.88,36100.0,6.89,44500.0,6.9,114200.0,6.91,13400.0,6.92,41500.0,6.93,8000.0,6.94,33800.0,6.95,70300.0,6.96,18100.0,6.97,10800.0,6.98,157600.0,6.99,67100.0,7.0,392700.0,7.01,23900.0,7.02,22600.0
09:30:03.060,6.8,7800.0,6.79,500.0,6.78,4500.0,6.77,100.0,6.76,21500.0,6.75,35700.0,6.74,5000.0,6.73,18400.0,6.72,4000.0,6.71,3000.0,6.7,76200.0,6.69,50000.0,6.68,2600.0,6.67,6000.0,6.66,1500.0,6.65,37600.0,6.64,62200.0,6.63,400.0,6.62,3000.0,6.61,14300.0,6.81,26000.0,6.84,10800.0,6.85,20400.0,6.86,4800.0,6.87,14500.0,6.88,36100.0,6.89,44500.0,6.9,114200.0,6.91,13400.0,6.92,41500.0,6.93,8000.0,6.94,33800.0,6.95,70300.0,6.96,18100.0,6.97,10800.0,6.98,157600.0,6.99,67100.0,7.0,392700.0,7.01,23900.0,7.02,22600.0
09:30:03.060,6.8,7800.0,6.79,500.0,6.78,4500.0,6.77,100.0,6.76,21500.0,6.75,35700.0,6.74,5000.0,6.73,18400.0,6.72,4000.0,6.71,3000.0,6.7,76200.0,6.69,50000.0,6.68,2600.0,6.67,6000.0,6.66,1500.0,6.65,37600.0,6.64,62200.0,6.63,400.0,6.62,3000.0,6.61,14300.0,6.81,26000.0,6.84,10800.0,6.85,20400.0,6.86,4800.0,6.87,14500.0,6.88,36100.0,6.89,44500.0,6.9,114200.0,6.91,13400.0,6.92,41500.0,6.93,8100.0,6.94,33800.0,6.95,70300.0,6.96,18100.0,6.97,10800.0,6.98,157600.0,6.99,67100.0,7.0,392700.0,7.01,23900.0,7.02,22600.0
09:30:03.060,6.8,7800.0,6.79,500.0,6.78,4500.0,6.77,100.0,6.76,21500.0,6.75,35700.0,6.74,5000.0,6.73,18400.0,6.72,4000.0,6.71,3000.0,6.7,76200.0,6.69,50000.0,6.68,2600.0,6.67,6000.0,6.66,1500.0,6.65,37600.0,6.64,62200.0,6.63,400.0,6.62,3000.0,6.61,14300.0,6.81,26000.0,6.82,16.0,6.84,10800.0,6.85,20400.0,6.86,4800.0,6.87,14500.0,6.88,36100.0,6.89,44500.0,6.9,114200.0,6.91,13400.0,6.92,41500.0,6.93,8100.0,6.94,33800.0,6.95,70300.0,6.96,18100.0,6.97,10800.0,6.98,157600.0,6.99,67100.0,7.0,392700.0,7.01,23900.0
09:30:03.060,6.8,7800.0,6.79,500.0,6.78,4500.0,6.77,100.0,6.76,21500.0,6.75,35700.0,6.74,5000.0,6.73,18400.0,6.72,4000.0,6.71,3000.0,6.7,76200.0,6.69,50000.0,6.68,2600.0,6.67,6000.0,6.66,1500.0,6.65,37600.0,6.64,62200.0,6.63,400.0,6.62,3000.0,6.61,14300.0,6.81,26000.0,6.82,16.0,6.84,10900.0,6.85,20400.0,6.86,4800.0,6.87,14500.0,6.88,36100.0,6.89,44500.0,6.9,114200.0,6.91,13400.0,6.92,41500.0,6.93,8100.0,6.94,33800.0,6.95,70300.0,6.96,18100.0,6.97,10800.0,6.98,157600.0,6.99,67100.0,7.0,392700.0,7.01,23900.0
09:30:03.180,6.8,7800.0,6.79,500.0,6.78,4500.0,6.77,100.0,6.76,21500.0,6.75,35700.0,6.74,5000.0,6.73,18400.0,6.72,4000.0,6.71,3000.0,6.7,76200.0,6.69,50000.0,6.68,2600.0,6.67,6000.0,6.66,1500.0,6.65,37600.0,6.64,62200.0,6.63,400.0,6.62,3000.0,6.61,14300.0,6.81,26000.0,6.82,16.0,6.84,10900.0,6.85,20400.0,6.86,4800.0,6.87,14500.0,6.88,36100.0,6.89,44900.0,6.9,114200.0,6.91,13400.0,6.92,41500.0,6.93,8100.0,6.94,33800.0,6.95,70300.0,6.96,18100.0,6.97,10800.0,6.98,157600.0,6.99,67100.0,7.0,392700.0,7.01,23900.0
09:30:03.180,6.8,7800.0,6.79,500.0,6.78,4500.0,6.77,100.0,6.76,21500.0,6.75,35700.0,6.74,5000.0,6.73,18400.0,6.72,4000.0,6.71,3000.0,6.7,76200.0,6.69,50000.0,6.68,2600.0,6.67,6000.0,6.66,1500.0,6.65,37600.0,6.64,62200.0,6.63,400.0,6.62,3000.0,6.61,14300.0,6.81,26000.0,6.82,16.0,6.84,10900.0,6.85,20400.0,6.86,4800.0,6.87,14500.0,6.88,36100.0,6.89,44900.0,6.9,114200.0,6.91,13400.0,6.92,41500.0,6.93,8100.0,6.94,33800.0,6.95,70300.0,6.96,18100.0,6.97,10800.0,6.98,157600.0,6.99,67100.0,7.0,397700.0,7.01,23900.0
09:30:03.180,6.8,7800.0,6.79,500.0,6.78,4500.0,6.77,100.0,6.76,21500.0,6.75,35700.0,6.74,5000.0,6.73,18400.0,6.72,4000.0,6.71,3000.0,6.7,76200.0,6.69,50000.0,6.68,2600.0,6.67,6000.0,6.66,1500.0,6.65,37600.0,6.64,62200.0,6.63,400.0,6.62,3000.0,6.61,14300.0,6.81,24800.0,6.82,16.0,6.84,10900.0,6.85,20400.0,6.86,4800.0,6.87,14500.0,6.88,36100.0,6.89,44900.0,6.9,114200.0,6.91,13400.0,6.92,41500.0,6.93,8100.0,6.94,33800.0,6.95,70300.0,6.96,18100.0,6.97,10800.0,6.98,157600.0,6.99,67100.0,7.0,397700.0,7.01,23900.0
09:30:03.180,6.8,7800.0,6.79,500.0,6.78,4500.0,6.77,100.0,6.76,21500.0,6.75,35700.0,6.74,5000.0,6.73,18400.0,6.72,4000.0,6.71,3000.0,6.7,76200.0,6.69,50000.0,6.68,2600.0,6.67,6000.0,6.66,1500.0,6.65,37600.0,6.64,62200.0,6.63,400.0,6.62,3000.0,6.61,14300.0,6.81,24800.0,6.82,16.0,6.84,10900.0,6.85,20400.0,6.86,4800.0,6.87,14500.0,6.88,36100.0,6.89,44900.0,6.9,114200.0,6.91,13400.0,6.92,41500.0,6.93,8100.0,6.94,33800.0,6.95,70300.0,6.96,18100.0,6.97,10800.0,6.98,157600.0,6.99,67100.0,7.0,397700.0,7.01,23900.0
09:30:03.180,6.8,7800.0,6.79,500.0,6.78,4500.0,6.77,100.0,6.76,21500.0,6.75,35700.0,6.74,5000.0,6.73,18400.0,6.72,4000.0,6.71,3000.0,6.7,76200.0,6.69,50000.0,6.68,2600.0,6.67,6000.0,6.66,1500.0,6.65,37600.0,6.64,62200.0,6.63,400.0,6.62,3000.0,6.61,14300.0,6.81,23400.0,6.82,16.0,6.84,10900.0,6.85,20400.0,6.86,4800.0,6.87,14500.0,6.88,36100.0,6.89,44900.0,6.9,114200.0,6.91,13400.0,6.92,41500.0,6.93,8100.0,6.94,33800.0,6.95,70300.0,6.96,18100.0,6.97,10800.0,6.98,157600.0,6.99,67100.0,7.0,397700.0,7.01,23900.0
09:30:03.180,6.8,7800.0,6.79,500.0,6.78,4500.0,6.77,100.0,6.76,21500.0,6.75,35700.0,6.74,5000.0,6.73,18400.0,6.72,4000.0,6.71,3000.0,6.7,76200.0,6.69,50000.0,6.68,2600.0,6.67,6000.0,6.66,1500.0,6.65,37600.0,6.64,62200.0,6.63,400.0,6.62,3000.0,6.61,14300.0,6.81,23400.0,6.82,16.0,6.84,10900.0,6.85,20400.0,6.86,4800.0,6.87,14500.0,6.88,36100.0,6.89,44900.0,6.9,114200.0,6.91,13400.0,6.92,41500.0,6.93,8100.0,6.94,33800.0,6.95,70300.0,6.96,18100.0,6.97,10800.0,6.98,157600.0,6.99,67100.0,7.0,397700.0,7.01,23900.0
09:30:03.310,6.8,7800.0,6.79,500.0,6.78,4500.0,6.77,100.0,6.76,21500.0,6.75,35700.0,6.74,5000.0,6.73,18400.0,6.72,4000.0,6.71,3000.0,6.7,76200.0,6.69,50000.0,6.68,2600.0,6.67,6000.0,6.66,1500.0,6.65,37600.0,6.64,62200.0,6.63,400.0,6.62,3000.0,6.61,14300.0,6.81,23400.0,6.82,16.0,6.84,10900.0,6.85,20400.0,6.86,4800.0,6.87,14500.0,6.88,36100.0,6.89,44900.0,6.9,114200.0,6.91,13400.0,6.92,41500.0,6.93,8100.0,6.94,33800.0,6.95,70300.0,6.96,18100.0,6.97,10800.0,6.98,157600.0,6.99,67100.0,7.0,397700.0,7.01,23900.0
09:30:03.310,6.8,7800.0,6.79,500.0,6.78,4500.0,6.77,100.0,6.76,21500.0,6.75,35700.0,6.74,5000.0,6.73,18400.0,6.72,4000.0,6.71,3000.0,6.7,76200.0,6.69,50000.0,6.68,2600.0,6.67,6000.0,6.66,1500.0,6.65,37600.0,6.64,62200.0,6.63,400.0,6.62,3000.0,6.61,14300.0,6.81,23400.0,6.82,16.0,6.83,20000.0,6.84,10900.0,6.85,20400.0,6.86,4800.0,6.87,14500.0,6.88,36100.0,6.89,44900.0,6.9,114200.0,6.91,13400.0,6.92,41500.0,6.93,8100.0,6.94,33800.0,6.95,70300.0,6.96,18100.0,6.97,10800.0,6.98,157600.0,6.99,67100.0,7.0,397700.0
09:30:03.310,6.8,7800.0,6.79,500.0,6.78,4500.0,6.77,100.0,6.76,21500.0,6.75,35700.0,6.74,5000.0,6.73,18400.0,6.72,4000.0,6.71,3000.0,6.7,77200.0,6.69,50000.0,6.68,2600.0,6.67,6000.0,6.66,1500.0,6.65,37600.0,6.64,62200.0,6.63,400.0,6.62,3000.0,6.61,14300.0,6.81,23400.0,6.82,16.0,6.83,20000.0,6.84,10900.0,6.85,20400.0,6.86,4800.0,6.87,14500.0,6.88,36100.0,6.89,44900.0,6.9,114200.0,6.91,13400.0,6.92,41500.0,6.93,8100.0,6.94,33800.0,6.95,70300.0,6.96,18100.0,6.97,10800.0,6.98,157600.0,6.99,67100.0,7.0,397700.0
09:30:03.310,6.8,7800.0,6.79,500.0,6.78,4500.0,6.77,100.0,6.76,21500.0,6.75,35700.0,6.74,5000.0,6.73,18400.0,6.72,4000.0,6.71,3000.0,6.7,77200.0,6.69,50000.0,6.68,2600.0,6.67,6000.0,6.66,1500.0,6.65,37600.0,6.64,62200.0,6.63,400.0,6.62,3000.0,6.61,14300.0,6.81,23400.0,6.82,16.0,6.83,20000.0,6.84,10900.0,6.85,20400.0,6.86,4800.0,6.87,14500.0,6.88,36100.0,6.89,44900.0,6.9,115200.0,6.91,13400.0,6.92,41500.0,6.93,8100.0,6.94,33800.0,6.95,70300.0,6.96,18100.0,6.97,10800.0,6.98,157600.0,6.99,67100.0,7.0,397700.0
09:30:03.310,6.8,7800.0,6.79,500.0,6.78,4500.0,6.77,100.0,6.76,21500.0,6.75,35700.0,6.74,5000.0,6.73,18400.0,6.72,4000.0,6.71,3000.0,6.7,77200.0,6.69,50000.0,6.68,2600.0,6.67,6000.0,6.66,1500.0,6.65,37600.0,6.64,62200.0,6.63,400.0,6.62,3000.0,6.61,14300.0,6.81,23400.0,6.82,16.0,6.83,20000.0,6.84,10900.0,6.85,20400.0,6.86,4800.0,6.87,14500.0,6.88,36100.0,6.89,44900.0,6.9,115200.0,6.91,13400.0,6.92,41500.0,6.93,8100.0,6.94,33800.0,6.95,70300.0,6.96,18100.0,6.97,10800.0,6.98,157600.0,6.99,67100.0,7.0,397700.0
09:30:03.430,6.8,7800.0,6.79,500.0,6.78,4500.0,6.77,100.0,6.76,21500.0,6.75,35700.0,6.74,5000.0,6.73,18400.0,6.72,4000.0,6.71,3000.0,6.7,77200.0,6.69,50000.0,6.68,2600.0,6.67,6000.0,6.66,1500.0,6.65,37600.0,6.64,62200.0,6.63,400.0,6.62,3000.0,6.61,14300.0,6.81,23400.0,6.82,16.0,6.83,20000.0,6.84,10900.0,6.85,20400.0,6.86,4800.0,6.87,14500.0,6.88,36100.0,6.89,44900.0,6.9,115200.0,6.91,13400.0,6.92,41500.0,6.93,8100.0,6.94,33800.0,6.95,70300.0,6.96,18100.0,6.97,10800.0,6.98,157600.0,6.99,67100.0,7.0,397700.0
09:30:03.430,6.8,7800.0,6.79,500.0,6.78,4500.0,6.77,100.0,6.76,21500.0,6.75,35700.0,6.74,5000.0,6.73,18400.0,6.72,4000.0,6.71,3000.0,6.7,77200.0,6.69,50000.0,6.68,2600.0,6.67,6000.0,6.66,1500.0,6.65,37600.0,6.64,62200.0,6.63,400.0,6.62,3000.0,6.61,14300.0,6.81,23400.0,6.82,16.0,6.83,20000.0,6.84,10900.0,6.85,20400.0,6.86,4800.0,6.87,14500.0,6.88,36100.0,6.89,44900.0,6.9,115200.0,6.91,13400.0,6.92,41500.0,6.93,8100.0,6.94,33800.0,6.95,80300.0,6.96,18100.0,6.97,10800.0,6.98,157600.0,6.99,67100.0,7.0,397700.0
09:30:03.430,6.8,7800.0,6.79,500.0,6.78,4500.0,6.77,100.0,6.76,21500.0,6.75,35700.0,6.74,5000.0,6.73,18400.0,6.72,4000.0,6.71,3000.0,6.7,77200.0,6.69,50000.0,6.68,2600.0,6.67,6000.0,6.66,1500.0,6.65,37600.0,6.64,62200.0,6.63,400.0,6.62,3000.0,6.61,14300.0,6.81,23400.0,6.82,16.0,6.83,20000.0,6.84,10900.0,6.85,20400.0,6.86,4800.0,6.87,14500.0,6.88,36100.0,6.89,44900.0,6.9,115200.0,6.91,13400.0,6.92,41500.0,6.93,8100.0,6.94,33800.0,6.95,80300.0,6.96,18100.0,6.97,10800.0,6.98,157600.0,6.99,67100.0,7.0,397700.0
09:30:03.430,6.8,7800.0,6.79,500.0,6.78,4500.0,6.77,100.0,6.76,21500.0,6.75,35700.0,6.74,5000.0,6.73,18400.0,6.72,4000.0,6.71,3000.0,6.7,77200.0,6.69,50000.0,6.68,2600.0,6.67,6000.0,6.66,1500.0,6.65,37600.0,6.64,62200.0,6.63,400.0,6.62,3000.0,6.61,14300.0,6.81,23400.0,6.82,16.0,6.83,20000.0,6.84,10900.0,6.85,20400.0,6.86,4800.0,6.87,14500.0,6.88,36100.0,6.89,44900.0,6.9,115200.0,6.91,13400.0,6.92,41500.0,6.93,8100.0,6.94,33800.0,6.95,80300.0,6.96,18100.0,6.97,10800.0,6.98,157600.0,6.99,67100.0,7.0,397700.0
09:30:03.430,6.8,7800.0,6.79,500.0,6.78,4500.0,6.77,100.0,6.76,21500.0,6.75,35700.0,6.74,5000.0,6.73,18400.0,6.72,4000.0,6.71,3000.0,6.7,77200.0,6.69,50000.0,6.68,2600.0,6.67,6000.0,6.66,1500.0,6.65,37600.0,6.64,62200.0,6.63,400.0,6.62,3000.0,6.61,14300.0,6.81,23400.0,6.82,16.0,6.83,20000.0,6.84,10900.0,6.85,20400.0,6.86,4800.0,6.87,14500.0,6.88,36100.0,6.89,44900.0,6.9,115200.0,6.91,13400.0,6.92,41500.0,6.93,8100.0,6.94,33800.0,6.95,80300.0,6.96,18100.0,6.97,10800.0,6.98,157600.0,6.99,67100.0,7.0,397700.0
09:30:03.430,6.8,7800.0,6.79,500.0,6.78,4500.0,6.77,100.0,6.76,21500.0,6.75,35700.0,6.74,5000.0,6.73,18400.0,6.72,4000.0,6.71,3000.0,6.7,77200.0,6.69,50000.0,6.68,2600.0,6.67,6000.0,6.66,1500.0,6.65,37600.0,6.64,62200.0,6.63,400.0,6.62,3000.0,6.61,14300.0,6.81,23400.0,6.82,16.0,6.83,20000.0,6.84,10900.0,6.85,20400.0,6.86,4800.0,6.87,14500.0,6.88,36100.0,6.89,44900.0,6.9,115200.0,6.91,13400.0,6.92,41500.0,6.93,8100.0,6.94,33800.0,6.95,80300.0,6.96,18100.0,6.97,10800.0,6.98,157600.0,6.99,67100.0,7.0,397700.0
09:30:03.570,6.8,7800.0,6.79,500.0,6.78,4500.0,6.77,100.0,6.76,21500.0,6.75,35700.0,6.74,5000.0,6.73,18400.0,6.72,4000.0,6.71,3000.0,6.7,77200.0,6.69,50000.0,6.68,2600.0,6.67,6000.0,6.66,1500.0,6.65,37600.0,6.64,62200.0,6.63,400.0,6.62,3000.0,6.61,14300.0,6.81,23400.0,6.82,16.0,6.83,20000.0,6.84,10900.0,6.85,20400.0,6.86,4800.0,6.87,14500.0,6.88,36100.0,6.89,44900.0,6.9,115200.0,6.91,13400.0,6.92,41500.0,6.93,8100.0,6.94,33800.0,6.95,80300.0,6.96,18100.0,6.97,10800.0,6.98,157600.0,6.99,67100.0,7.0,397700.0
09:30:03.570,6.8,7800.0,6.79,500.0,6.78,4500.0,6.77,100.0,6.76,21500.0,6.75,35700.0,6.74,5000.0,6.73,18400.0,6.72,4000.0,6.71,3000.0,6.7,77200.0,6.69,50000.0,6.68,2600.0,6.67,6000.0,6.66,1500.0,6.65,37600.0,6.64,62200.0,6.63,400.0,6.62,3000.0,6.61,14300.0,6.81,23400.0,6.82,16.0,6.83,20000.0,6.84,10900.0,6.85,20400.0,6.86,4800.0,6.87,14800.0,6.88,36100.0,6.89,44900.0,6.9,115200.0,6.91,13400.0,6.92,41500.0,6.93,8100.0,6.94,33800.0,6.95,80300.0,6.96,18100.0,6.97,10800.0,6.98,157600.0,6.99,67100.0,7.0,397700.0
09:30:03.570,6.8,7800.0,6.79,500.0,6.78,4500.0,6.77,100.0,6.76,21500.0,6.75,35700.0,6.74,5000.0,6.73,18400.0,6.72,4000.0,6.71,3000.0,6.7,78200.0,6.69,50000.0,6.68,2600.0,6.67,6000.0,6.66,1500.0,6.65,37600.0,6.64,62200.0,6.63,400.0,6.62,3000.0,6.61,14300.0,6.81,23400.0,6.82,16.0,6.83,20000.0,6.84,10900.0,6.85,20400.0,6.86,4800.0,6.87,14800.0,6.88,36100.0,6.89,44900.0,6.9,115200.0,6.91,13400.0,6.92,41500.0,6.93,8100.0,6.94,33800.0,6.95,80300.0,6.96,18100.0,6.97,10800.0,6.98,157600.0,6.99,67100.0,7.0,397700.0
09:30:03.570,6.8,7800.0,6.79,500.0,6.78,4500.0,6.77,100.0,6.76,21500.0,6.75,35700.0,6.74,5000.0,6.73,18400.0,6.72,4000.0,6.71,3000.0,6.7,78200.0,6.69,50000.0,6.68,2600.0,6.67,6000.0,6.66,1500.0,6.65,37600.0,6.64,62200.0,6.63,400.0,6.62,3000.0,6.61,14300.0,6.81,23400.0,6.82,16.0,6.83,20000.0,6.84,10900.0,6.85,20400.0,6.86,4800.0,6.87,14800.0,6.88,36100.0,6.89,44900.0,6.9,115200.0,6.91,13400.0,6.92,41500.0,6.93,8100.0,6.94,33800.0,6.95,80300.0,6.96,18100.0,6.97,10800.0,6.98,157600.0,6.99,67100.0,7.0,398200.0
09:30:03.570,6.8,7800.0,6.79,500.0,6.78,4500.0,6.77,100.0,6.76,21500.0,6.75,35700.0,6.74,5000.0,6.73,18400.0,6.72,4000.0,6.71,3000.0,6.7,78200.0,6.69,50000.0,6.68,2600.0,6.67,6000.0,6.66,1500.0,6.65,37600.0,6.64,62200.0,6.63,400.0,6.62,3000.0,6.61,14300.0,6.81,23400.0,6.82,16.0,6.83,20000.0,6.84,10900.0,6.85,20400.0,6.86,4800.0,6.87,14800.0,6.88,36100.0,6.89,44900.0,6.9,115200.0,6.91,13400.0,6.92,41500.0,6.93,8100.0,6.94,33800.0,6.95,80300.0,6.96,18100.0,6.97,10800.0,6.98,162600.0,6.99,67100.0,7.0,398200.0
09:30:03.570,6.8,7800.0,6.79,500.0,6.78,4500.0,6.77,100.0,6.76,21500.0,6.75,35700.0,6.74,5000.0,6.73,18400.0,6.72,4000.0,6.71,3000.0,6.7,78200.0,6.69,50000.0,6.68,2600.0,6.67,6000.0,6.66,1500.0,6.65,37600.0,6.64,62200.0,6.63,400.0,6.62,3000.0,6.61,14300.0,6.81,23400.0,6.82,16.0,6.83,20000.0,6.84,10900.0,6.85,20400.0,6.86,4800.0,6.87,14800.0,6.88,36100.0,6.89,44900.0,6.9,115200.0,6.91,13400.0,6.92,41500.0,6.93,8100.0,6.94,33800.0,6.95,80300.0,6.96,18100.0,6.97,10800.0,6.98,157600.0,6.99,67100.0,7.0,398200.0
09:30:03.570,6.8,7800.0,6.79,500.0,6.78,4500.0,6.77,100.0,6.76,21500.0,6.75,35700.0,6.74,5000.0,6.73,18400.0,6.72,4000.0,6.71,3000.0,6.7,78200.0,6.69,50000.0,6.68,2600.0,6.67,6000.0,6.66,1500.0,6.65,37600.0,6.64,62200.0,6.63,400.0,6.62,3000.0,6.61,14300.0,6.81,23200.0,6.82,16.0,6.83,20000.0,6.84,10900.0,6.85,20400.0,6.86,4800.0,6.87,14800.0,6.88,36100.0,6.89,44900.0,6.9,115200.0,6.91,13400.0,6.92,41500.0,6.93,8100.0,6.94,33800.0,6.95,80300.0,6.96,18100.0,6.97,10800.0,6.98,157600.0,6.99,67100.0,7.0,398200.0
09:30:03.700,6.8,7800.0,6.79,500.0,6.78,4500.0,6.77,100.0,6.76,21500.0,6.75,35700.0,6.74,5000.0,6.73,18400.0,6.72,4000.0,6.71,3000.0,6.7,78200.0,6.69,50000.0,6.68,2600.0,6.67,6000.0,6.66,1500.0,6.65,37600.0,6.64,62200.0,6.63,400.0,6.62,3000.0,6.61,14300.0,6.81,23200.0,6.82,16.0,6.83,20000.0,6.84,10900.0,6.85,20400.0,6.86,4800.0,6.87,14800.0,6.88,36100.0,6.89,44900.0,6.9,115200.0,6.91,13400.0,6.92,41500.0,6.93,8100.0,6.94,33800.0,6.95,80300.0,6.96,18100.0,6.97,10800.0,6.98,157600.0,6.99,67100.0,7.0,398200.0
09:30:03.700,6.8,7800.0,6.79,500.0,6.78,4500.0,6.77,100.0,6.76,21500.0,6.75,35700.0,6.74,5000.0,6.73,18400.0,6.72,4000.0,6.71,3000.0,6.7,78200.0,6.69,50000.0,6.68,2600.0,6.67,6000.0,6.66,1500.0,6.65,37600.0,6.64,62200.0,6.63,400.0,6.62,3000.0,6.61,14300.0,6.81,23200.0,6.82,16.0,6.83,20000.0,6.84,10900.0,6.85,20400.0,6.86,4800.0,6.87,14800.0,6.88,36100.0,6.89,44900.0,6.9,115200.0,6.91,13400.0,6.92,41500.0,6.93,8100.0,6.94,33800.0,6.95,80300.0,6.96,18100.0,6.97,10800.0,6.98,157600.0,6.99,67100.0,7.0,398200.0
09:30:03.700,6.8,7800.0,6.79,500.0,6.78,4500.0,6.77,100.0,6.76,21500.0,6.75,35700.0,6.74,5000.0,6.73,18400.0,6.72,4000.0,6.71,3000.0,6.7,78200.0,6.69,50000.0,6.68,2600.0,6.67,6000.0,6.66,1500.0,6.65,37600.0,6.64,62200.0,6.63,400.0,6.62,3000.0,6.61,14300.0,6.81,23100.0,6.82,16.0,6.83,20000.0,6.84,10900.0,6.85,20400.0,6.86,4800.0,6.87,14800.0,6.88,36100.0,6.89,44900.0,6.9,115200.0,6.91,13400.0,6.92,41500.0,6.93,8100.0,6.94,33800.0,6.95,80300.0,6.96,18100.0,6.97,10800.0,6.98,157600.0,6.99,67100.0,7.0,398200.0
09:30:03.700,6.8,7800.0,6.79,500.0,6.78,4500.0,6.77,100.0,6.76,21500.0,6.75,35700.0,6.74,5000.0,6.73,18400.0,6.72,4000.0,6.71,3000.0,6.7,78200.0,6.69,50000.0,6.68,2600.0,6.67,6000.0,6.66,1500.0,6.65,37600.0,6.64,62200.0,6.63,400.0,6.62,3000.0,6.61,14300.0,6.81,23100.0,6.82,16.0,6.83,20000.0,6.84,10900.0,6.85,20400.0,6.86,4800.0,6.87,14800.0,6.88,36100.0,6.89,44900.0,6.9,115200.0,6.91,13400.0,6.92,41500.0,6.93,8100.0,6.94,33800.0,6.95,80300.0,6.96,18100.0,6.97,10800.0,6.98,157600.0,6.99,67100.0,7.0,398200.0
09:30:03.700,6.8,7800.0,6.79,500.0,6.78,4500.0,6.77,100.0,6.76,21500.0,6.75,35700.0,6.74,5000.0,6.73,18400.0,6.72,4000.0,6.71,3000.0,6.7,78200.0,6.69,50000.0,6.68,2600.0,6.67,6000.0,6.66,1500.0,6.65,37600.0,6.64,62200.0,6.63,400.0,6.62,3000.0,6.61,14300.0,6.81,23100.0,6.82,16.0,6.83,20000.0,6.84,10900.0,6.85,20400.0,6.86,4800.0,6.87,14800.0,6.88,36100.0,6.89,44900.0,6.9,115200.0,6.91,13400.0,6.92,41500.0,6.93,8100.0,6.94,33800.0,6.95,60300.0,6.96,18100.0,6.97,10800.0,6.98,157600.0,6.99,67100.0,7.0,398200.0
09:30:03.700,6.8,7800.0,6.79,500.0,6.78,4500.0,6.77,100.0,6.76,21500.0,6.75,35700.0,6.74,5000.0,6.73,18400.0,6.72,4000.0,6.71,3000.0,6.7,78200.0,6.69,50000.0,6.68,2600.0,6.67,6000.0,6.66,1500.0,6.65,37600.0,6.64,62200.0,6.63,400.0,6.62,3000.0,6.61,14300.0,6.81,23100.0,6.82,16.0,6.83,20000.0,6.84,10900.0,6.85,20400.0,6.86,4800.0,6.87,14800.0,6.88,36100.0,6.89,44900.0,6.9,115700.0,6.91,13400.0,6.92,41500.0,6.93,8100.0,6.94,33800.0,6.95,60300.0,6.96,18100.0,6.97,10800.0,6.98,157600.0,6.99,67100.0,7.0,398200.0
09:30:03.700,6.8,7800.0,6.79,500.0,6.78,4500.0,6.77,100.0,6.76,21500.0,6.75,35700.0,6.74,5000.0,6.73,18400.0,6.72,4000.0,6.71,3000.0,6.7,78200.0,6.69,50000.0,6.68,2600.0,6.67,6000.0,6.66,1500.0,6.65,37600.0,6.64,62200.0,6.63,400.0,6.62,3000.0,6.61,14300.0,6.81,23100.0,6.82,16.0,6.83,20000.0,6.84,10900.0,6.85,20400.0,6.86,4800.0,6.87,14800.0,6.88,36100.0,6.89,44900.0,6.9,115700.0,6.91,13400.0,6.92,41500.0,6.93,8100.0,6.94,33800.0,6.95,60300.0,6.96,18100.0,6.97,10800.0,6.98,157600.0,6.99,67100.0,7.0,398700.0
09:30:03.840,6.8,7800.0,6.79,500.0,6.78,4500.0,6.77,100.0,6.76,21500.0,6.75,35700.0,6.74,5000.0,6.73,18400.0,6.72,4000.0,6.71,3000.0,6.7,78200.0,6.69,50000.0,6.68,2600.0,6.67,6000.0,6.66,1500.0,6.65,37600.0,6.64,62200.0,6.63,400.0,6.62,3000.0,6.61,14300.0,6.81,23100.0,6.82,16.0,6.83,20000.0,6.84,10900.0,6.85,20400.0,6.86,4800.0,6.87,14800.0,6.88,36100.0,6.89,44900.0,6.9,115700.0,6.91,13400.0,6.92,41500.0,6.93,8100.0,6.94,33800.0,6.95,60300.0,6.96,18100.0,6.97,10800.0,6.98,157600.0,6.99,67100.0,7.0,398700.0
09:30:03.840,6.8,7800.0,6.79,500.0,6.78,4500.0,6.77,100.0,6.76,21500.0,6.75,35700.0,6.74,5000.0,6.73,18400.0,6.72,4000.0,6.71,3000.0,6.7,78200.0,6.69,50000.0,6.68,2600.0,6.67,6000.0,6.66,1500.0,6.65,37600.0,6.64,62200.0,6.63,400.0,6.62,3000.0,6.61,14300.0,6.81,23100.0,6.82,16.0,6.83,20000.0,6.84,10900.0,6.85,20400.0,6.86,4800.0,6.87,14800.0,6.88,36100.0,6.89,44900.0,6.9,115700.0,6.91,13400.0,6.92,41500.0,6.93,8100.0,6.94,33800.0,6.95,60300.0,6.96,18100.0,6.97,10800.0,6.98,157600.0,6.99,67100.0,7.0,398700.0
09:30:03.840,6.8,7800.0,6.79,500.0,6.78,4500.0,6.77,100.0,6.76,21500.0,6.75,35700.0,6.74,5000.0,6.73,18400.0,6.72,4000.0,6.71,3000.0,6.7,78200.0,6.69,50000.0,6.68,2600.0,6.67,6000.0,6.66,1500.0,6.65,37600.0,6.64,62200.0,6.63,400.0,6.62,3000.0,6.61,14300.0,6.81,23100.0,6.82,16.0,6.83,20000.0,6.84,10900.0,6.85,20400.0,6.86,4800.0,6.87,14800.0,6.88,36100.0,6.89,44900.0,6.9,115700.0,6.91,13400.0,6.92,41500.0,6.93,8100.0,6.94,33800.0,6.95,60300.0,6.96,18100.0,6.97,10800.0,6.98,157600.0,6.99,67100.0,7.0,398700.0
09:30:03.970,6.8,7800.0,6.79,500.0,6.78,4500.0,6.77,100.0,6.76,21500.0,6.75,35700.0,6.74,5000.0,6.73,18400.0,6.72,4000.0,6.71,3000.0,6.7,78200.0,6.69,50000.0,6.68,2600.0,6.67,6000.0,6.66,1500.0,6.65,37600.0,6.64,62200.0,6.63,400.0,6.62,3000.0,6.61,14300.0,6.81,23100.0,6.82,16.0,6.83,20000.0,6.84,10900.0,6.85,20400.0,6.86,4800.0,6.87,14800.0,6.88,36100.0,6.89,46900.0,6.9,115700.0,6.91,13400.0,6.92,41500.0,6.93,8100.0,6.94,33800.0,6.95,60300.0,6.96,18100.0,6.97,10800.0,6.98,157600.0,6.99,67100.0,7.0,398700.0
09:30:03.970,6.8,7800.0,6.79,500.0,6.78,4500.0,6.77,100.0,6.76,21500.0,6.75,35700.0,6.74,5000.0,6.73,18400.0,6.72,4000.0,6.71,3000.0,6.7,78200.0,6.69,50000.0,6.68,2600.0,6.67,6000.0,6.66,1500.0,6.65,37600.0,6.64,62200.0,6.63,400.0,6.62,3000.0,6.61,14300.0,6.81,23100.0,6.82,16.0,6.83,20000.0,6.84,10900.0,6.85,20400.0,6.86,4800.0,6.87,14800.0,6.88,36100.0,6.89,46900.0,6.9,115700.0,6.91,13400.0,6.92,41500.0,6.93,8100.0,6.94,33800.0,6.95,60300.0,6.96,18100.0,6.97,10800.0,6.98,157600.0,6.99,67600.0,7.0,398700.0
09:30:03.970,6.8,7800.0,6.79,500.0,6.78,4500.0,6.77,100.0,6.76,21500.0,6.75,35700.0,6.74,5000.0,6.73,18400.0,6.72,4000.0,6.71,3000.0,6.7,78200.0,6.69,50000.0,6.68,2600.0,6.67,6000.0,6.66,1500.0,6.65,37600.0,6.64,62200.0,6.63,400.0,6.62,3000.0,6.61,14300.0,6.81,23100.0,6.82,16.0,6.83,20000.0,6.84,10900.0,6.85,20400.0,6.86,4800.0,6.87,14800.0,6.88,36100.0,6.89,46900.0,6.9,115700.0,6.91,13400.0,6.92,41500.0,6.93,8100.0,6.94,33800.0,6.95,60300.0,6.96,18100.0,6.97,10800.0,6.98,157600.0,6.99,67600.0,7.0,398700.0
09:30:03.970,6.8,7800.0,6.79,500.0,6.78,4500.0,6.77,100.0,6.76,21500.0,6.75,35700.0,6.74,5000.0,6.73,18400.0,6.72,4000.0,6.71,3000.0,6.7,78200.0,6.69,50000.0,6.68,2600.0,6.67,6000.0,6.66,1500.0,6.65,37600.0,6.64,62200.0,6.63,400.0,6.62,3000.0,6.61,14300.0,6.81,23100.0,6.82,16.0,6.83,20000.0,6.84,10900.0,6.85,20400.0,6.86,4800.0,6.87,14800.0,6.88,36100.0,6.89,46900.0,6.9,115700.0,6.91,13400.0,6.92,41500.0,6.93,8100.0,6.94,33800.0,6.95,60300.0,6.96,18100.0,6.97,10800.0,6.98,157600.0,6.99,67600.0,7.0,398700.0
09:30:03.970,6.8,7800.0,6.79,500.0,6.78,4500.0,6.77,100.0,6.76,21500.0,6.75,35700.0,6.74,5000.0,6.73,18400.0,6.72,4000.0,6.71,3000.0,6.7,78200.0,6.69,50000.0,6.68,2600.0,6.67,6000.0,6.66,1500.0,6.65,37600.0,6.64,62200.0,6.63,400.0,6.62,3000.0,6.61,14300.0,6.81,23100.0,6.82,16.0,6.83,20000.0,6.84,10900.0,6.85,20400.0,6.86,4800.0,6.87,14800.0,6.88,36100.0,6.89,46900.0,6.9,115700.0,6.91,13400.0,6.92,41500.0,6.93,8100.0,6.94,33800.0,6.95,60300.0,6.96,18100.0,6.97,10800.0,6.98,157600.0,6.99,67600.0,7.0,398700.0
09:30:03.970,6.8,7800.0,6.79,500.0,6.78,4500.0,6.77,100.0,6.76,21500.0,6.75,35700.0,6.74,5000.0,6.73,18400.0,6.72,4000.0,6.71,57000.0,6.7,78200.0,6.69,50000.0,6.68,2600.0,6.67,6000.0,6.66,1500.0,6.65,37600.0,6.64,62200.0,6.63,400.0,6.62,3000.0,6.61,14300.0,6.81,23100.0,6.82,16.0,6.83,20000.0,6.84,10900.0,6.85,20400.0,6.86,4800.0,6.87,14800.0,6.88,36100.0,6.89,46900.0,6.9,115700.0,6.91,13400.0,6.92,41500.0,6.93,8100.0,6.94,33800.0,6.95,60300.0,6.96,18100.0,6.97,10800.0,6.98,157600.0,6.99,67600.0,7.0,398700.0
09:30:03.970,6.8,7800.0,6.79,500.0,6.78,4500.0,6.77,100.0,6.76,21500.0,6.75,35700.0,6.74,5000.0,6.73,18400.0,6.72,4000.0,6.71,57000.0,6.7,78200.0,6.69,50000.0,6.68,2600.0,6.67,6000.0,6.66,1500.0,6.65,37600.0,6.64,62200.0,6.63,400.0,6.62,3000.0,6.61,14300.0,6.81,23100.0,6.82,16.0,6.83,20000.0,6.84,10900.0,6.85,20400.0,6.86,4800.0,6.87,24800.0,6.88,36100.0,6.89,46900.0,6.9,115700.0,6.91,13400.0,6.92,41500.0,6.93,8100.0,6.94,33800.0,6.95,60300.0,6.96,18100.0,6.97,10800.0,6.98,157600.0,6.99,67600.0,7.0,398700.0
09:30:03.970,6.8,7800.0,6.79,500.0,6.78,4500.0,6.77,100.0,6.76,21500.0,6.75,35700.0,6.74,5000.0,6.73,18400.0,6.72,4000.0,6.71,72000.0,6.7,78200.0,6.69,50000.0,6.68,2600.0,6.67,6000.0,6.66,1500.0,6.65,37600.0,6.64,62200.0,6.63,400.0,6.62,3000.0,6.61,14300.0,6.81,23100.0,6.82,16.0,6.83,20000.0,6.84,10900.0,6.85,20400.0,6.86,4800.0,6.87,24800.0,6.88,36100.0,6.89,46900.0,6.9,115700.0,6.91,13400.0,6.92,41500.0,6.93,8100.0,6.94,33800.0,6.95,60300.0,6.96,18100.0,6.97,10800.0,6.98,157600.0,6.99,67600.0,7.0,398700.0
09:30:04.120,6.8,7800.0,6.79,500.0,6.78,4500.0,6.77,100.0,6.76,21500.0,6.75,35700.0,6.74,5000.0,6.73,18400.0,6.72,4000.0,6.71,72000.0,6.7,78200.0,6.69,50000.0,6.68,2600.0,6.67,6000.0,6.66,1500.0,6.65,37600.0,6.64,62200.0,6.63,400.0,6.62,3000.0,6.61,14300.0,6.81,23100.0,6.82,16.0,6.83,20000.0,6.84,10900.0,6.85,20400.0,6.86,4800.0,6.87,24800.0,6.88,36100.0,6.89,46900.0,6.9,115700.0,6.91,13400.0,6.92,41500.0,6.93,8100.0,6.94,33800.0,6.95,60300.0,6.96,18100.0,6.97,10800.0,6.98,157600.0,6.99,67600.0,7.0,398700.0
09:30:04.120,6.8,7800.0,6.79,500.0,6.78,4500.0,6.77,100.0,6.76,21500.0,6.75,35700.0,6.74,5000.0,6.73,18400.0,6.72,4000.0,6.71,72000.0,6.7,78200.0,6.69,50000.0,6.68,2600.0,6.67,6000.0,6.66,1500.0,6.65,37600.0,6.64,62200.0,6.63,400.0,6.62,3000.0,6.61,14300.0,6.81,23100.0,6.82,16.0,6.83,20000.0,6.84,10900.0,6.85,20400.0,6.86,4800.0,6.87,24800.0,6.88,36100.0,6.89,46900.0,6.9,115700.0,6.91,13400.0,6.92,41500.0,6.93,8100.0,6.94,33800.0,6.95,60300.0,6.96,18100.0,6.97,10800.0,6.98,157600.0,6.99,67600.0,7.0,399500.0
09:30:04.120,6.8,7800.0,6.79,500.0,6.78,4500.0,6.77,100.0,6.76,21500.0,6.75,35700.0,6.74,5000.0,6.73,18400.0,6.72,4000.0,6.71,72000.0,6.7,78200.0,6.69,50000.0,6.68,2600.0,6.67,6000.0,6.66,1500.0,6.65,37600.0,6.64,62200.0,6.63,400.0,6.62,3000.0,6.61,14300.0,6.81,23100.0,6.82,16.0,6.83,20000.0,6.84,10900.0,6.85,20400.0,6.86,4800.0,6.87,24800.0,6.88,36100.0,6.89,46900.0,6.9,115700.0,6.91,13400.0,6.92,41500.0,6.93,8100.0,6.94,33800.0,6.95,60300.0,6.96,18100.0,6.97,10800.0,6.98,157600.0,6.99,67600.0,7.0,399500.0
09:30:04.120,6.8,7800.0,6.79,500.0,6.78,4500.0,6.77,100.0,6.76,21500.0,6.75,35700.0,6.74,5000.0,6.73,18400.0,6.72,4000.0,6.71,72000.0,6.7,78200.0,6.69,50000.0,6.68,2600.0,6.67,6000.0,6.66,1500.0,6.65,37600.0,6.64,62200.0,6.63,400.0,6.62,3000.0,6.61,14300.0,6.81,23100.0,6.82,16.0,6.83,20000.0,6.84,10900.0,6.85,20400.0,6.86,4800.0,6.87,24800.0,6.88,36100.0,6.89,46900.0,6.9,115700.0,6.91,13400.0,6.92,41500.0,6.93,8100.0,6.94,33800.0,6.95,60300.0,6.96,18100.0,6.97,10800.0,6.98,157600.0,6.99,67600.0,7.0,399500.0
