OrderTime,InstrumentID,Price,Volume,ApplSeqNum,OrderBSFlag,ADFlag
09:30:00.200,600029,7.11,6000,223387,S,A
09:30:00.260,600029,6.6,300,223510,B,A
09:30:00.330,600029,7.05,2000,224711,S,A
09:30:00.330,600029,6.9,1000,224764,S,A
09:30:00.390,600029,6.73,15000,225184,B,A
09:30:00.390,600029,7.0,1000,225581,S,A
09:30:00.390,600029,6.92,300,226019,S,A
09:30:00.390,600029,7.48,200,226343,S,A
09:30:00.510,600029,6.99,400,226506,S,A
09:30:00.510,600029,6.87,1300,226824,S,A
09:30:00.510,600029,6.82,700,226827,B,A
09:30:00.510,600029,6.96,2200,226891,S,A
09:30:00.510,600029,7.48,1000,227360,S,A
09:30:00.510,600029,6.88,7200,227399,S,A
09:30:00.510,600029,6.89,2100,227924,S,A
09:30:00.510,600029,7.0,5900,227960,S,A
09:30:00.510,600029,7.48,600,228001,S,A
09:30:00.660,600029,6.18,1000,146437,B,D
09:30:00.660,600029,7.14,600,228527,S,A
09:30:00.660,600029,6.98,100000,228933,S,A
09:30:00.660,600029,6.89,400,229435,S,A
09:30:00.780,600029,6.84,1000,230013,S,A
09:30:00.780,600029,6.69,50000,230321,B,A
09:30:00.780,600029,7.09,500,230600,S,A
09:30:00.780,600029,6.64,50000,231371,B,A
09:30:00.900,600029,6.58,1100,231808,B,A
09:30:00.900,600029,7.28,100,232174,S,A
09:30:00.900,600029,6.99,300,232750,S,A
09:30:00.900,600029,6.99,200,232757,S,A
09:30:00.900,600029,7.38,5000,232974,S,A
09:30:00.900,600029,7.18,2800,232977,S,A
09:30:01.030,600029,7.0,1000,233710,S,A
09:30:01.030,600029,7.48,800,234004,S,A
09:30:01.030,600029,7.09,3000,234116,S,A
09:30:01.030,600029,7.1,2000,234344,S,A
09:30:01.030,600029,6.98,600,234506,S,A
09:30:01.030,600029,7.47,100,234900,S,A
09:30:01.030,600029,7.41,500,234945,S,A
09:30:01.150,600029,7.0,200,235298,S,A
09:30:01.150,600029,6.96,2000,235837,S,A
09:30:01.150,600029,6.84,8000,236122,S,A
09:30:01.150,600029,6.99,1500,236382,S,A
09:30:01.150,600029,6.76,10000,236499,B,A
09:30:01.150,600029,6.82,100,236744,S,A
09:30:01.280,600029,6.4,1500,237275,B,A
09:30:01.280,600029,7.0,1100,237774,S,A
09:30:01.280,600029,6.98,1000,238039,S,A
09:30:01.280,600029,6.99,10000,238255,S,A
09:30:01.280,600029,6.88,500,238662,S,A
09:30:01.410,600029,7.0,800,239238,S,A
09:30:01.410,600029,7.48,100,240206,S,A
09:30:01.540,600029,6.99,10000,238255,S,D
09:30:01.540,600029,6.87,3300,241102,S,A
09:30:01.540,600029,6.96,300,241426,S,A
09:30:01.540,600029,7.48,1800,242253,S,A
09:30:01.660,600029,6.95,20000,242504,S,A
09:30:01.660,600029,6.99,2000,243565,S,A
09:30:01.800,600029,6.9,900,244330,S,A
09:30:01.800,600029,7.3,1000,244344,S,A
09:30:01.800,600029,6.76,500,244397,B,A
09:30:01.800,600029,7.0,1000,244559,S,A
09:30:01.800,600029,7.24,2000,244807,S,A
09:30:01.800,600029,6.87,3200,245202,S,A
09:30:01.800,600029,7.1,4000,245732,S,A
09:30:01.800,600029,6.75,14500,245980,B,A
09:30:01.930,600029,6.58,61400,246149,B,A
09:30:01.930,600029,6.82,100,246315,S,A
09:30:01.930,600029,6.9,1000,246422,S,A
09:30:01.930,600029,6.92,10000,247057,S,A
09:30:02.060,600029,7.0,10000,247925,S,A
09:30:02.060,600029,7.01,10000,248224,S,A
09:30:02.060,600029,6.95,5000,248554,S,A
09:30:02.060,600029,7.23,100,248962,S,A
09:30:02.060,600029,7.1,2000,249011,S,A
09:30:02.060,600029,7.0,40000,249316,S,A
09:30:02.060,600029,6.99,9000,249354,S,A
09:30:02.180,600029,6.88,500,249603,S,A
09:30:02.180,600029,6.9,6000,249871,S,A
09:30:02.180,600029,6.9,2400,250034,S,A
09:30:02.180,600029,6.89,20000,250052,S,A
09:30:02.180,600029,6.99,10000,250401,S,A
09:30:02.180,600029,7.16,9000,250667,S,A
09:30:02.180,600029,6.87,3600,250761,S,A
09:30:02.340,600029,6.92,3000,251255,S,A
09:30:02.340,600029,6.94,30000,251524,S,A
09:30:02.340,600029,7.44,2000,251636,S,A
09:30:02.340,600029,6.82,500,251670,B,A
09:30:02.340,600029,7.05,1000,251773,S,A
09:30:02.340,600029,7.25,21600,252168,S,A
09:30:02.470,600029,7.48,100,253166,S,A
09:30:02.470,600029,6.3,800,253579,B,A
09:30:02.620,600029,6.86,1000,254313,S,A
09:30:02.620,600029,6.96,4900,254341,S,A
09:30:02.620,600029,6.8,4100,254538,B,A
09:30:02.670,600029,6.96,4900,254341,S,D
09:30:02.670,600029,6.87,1500,255305,S,A
09:30:02.670,600029,7.48,2900,255396,S,A
09:30:02.670,600029,7.1,20000,255401,S,A
09:30:02.670,600029,7.12,9100,256197,S,A
09:30:02.670,600029,7.0,1200,256357,S,A
09:30:02.810,600029,7.03,100,257052,S,A
09:30:02.810,600029,7.0,6000,257328,S,A
09:30:02.930,600029,7.1,4000,258308,S,A
09:30:02.930,600029,6.87,1600,258454,S,A
09:30:02.930,600029,7.0,10000,258511,S,A
09:30:02.930,600029,6.95,2000,258699,S,A
09:30:02.930,600029,6.81,28600,259077,S,A
09:30:02.930,600029,7.48,2500,259122,S,A
09:30:02.930,600029,7.46,100,259181,S,A
09:30:02.930,600029,7.48,2000,259442,S,A
09:30:02.930,600029,7.0,7000,259553,S,A
09:30:02.930,600029,7.3,1000,259898,S,A
09:30:03.060,600029,6.6,5000,148769,B,D
09:30:03.060,600029,6.93,100,260751,S,A
09:30:03.060,600029,6.82,16,261417,S,A
09:30:03.060,600029,6.84,100,261420,S,A
09:30:03.180,600029,6.89,400,261889,S,A
09:30:03.180,600029,7.0,5000,262095,S,A
09:30:03.180,600029,7.2,30000,262434,S,A
09:30:03.180,600029,7.26,500,263428,S,A
09:30:03.310,600029,7.48,200,263522,S,A
09:30:03.310,600029,6.83,20000,263881,S,A
09:30:03.310,600029,6.7,1000,264423,B,A
09:30:03.310,600029,6.9,1000,264669,S,A
09:30:03.310,600029,7.2,1200,265256,S,A
09:30:03.430,600029,7.4,200,265415,S,A
09:30:03.430,600029,6.95,10000,265447,S,A
09:30:03.430,600029,7.48,10000,266094,S,A
09:30:03.430,600029,7.2,10000,266143,S,A
09:30:03.430,600029,7.25,500,266175,S,A
09:30:03.430,600029,7.25,400,266932,S,A
09:30:03.570,600029,7.38,100,267474,S,A
09:30:03.570,600029,6.87,300,267560,S,A
09:30:03.570,600029,6.7,1000,267692,B,A
09:30:03.570,600029,7.0,500,268050,S,A
09:30:03.570,600029,6.98,5000,268370,S,A
09:30:03.570,600029,6.98,5000,268370,S,D
09:30:03.700,600029,7.48,100,269355,S,A
09:30:03.700,600029,6.5,1000,269756,B,A
09:30:03.700,600029,7.2,1000,270167,S,A
09:30:03.700,600029,6.95,20000,173695,S,D
09:30:03.700,600029,6.9,500,270559,S,A
09:30:03.700,600029,7.0,500,270560,S,A
09:30:03.840,600029,7.47,1000,271074,S,A
09:30:03.840,600029,7.1,10000,271835,S,A
09:30:03.840,600029,7.1,10000,272291,S,A
09:30:03.970,600029,6.89,2000,272514,S,A
09:30:03.970,600029,6.99,500,272686,S,A
09:30:03.970,600029,7.18,4800,272737,S,A
09:30:03.970,600029,6.6,3100,273182,B,A
09:30:03.970,600029,7.48,600,273353,S,A
09:30:03.970,600029,6.71,54000,273528,B,A
09:30:03.970,600029,6.87,10000,273691,S,A
09:30:03.970,600029,6.71,15000,273781,B,A
09:30:04.120,600029,7.48,3000,274225,S,A
09:30:04.120,600029,7.0,800,274809,S,A
09:30:04.120,600029,7.07,1000,274840,S,A
09:30:04.120,600029,7.23,1000,274843,S,A
09:30:04.120,600029,6.99,3000,275004,S,A
09:30:04.120,600029,6.95,2300,275476,S,A
09:30:04.120,600029,7.12,1000,275656,S,A
09:30:04.120,600029,7.4,10000,275697,S,A
09:30:04.120,600029,7.18,4500,275726,S,A
09:30:04.390,600029,7.3,10000,276052,S,A
09:30:04.390,600029,7.18,700,277121,S,A
09:30:04.390,600029,7.0,10000,277346,S,A
09:30:04.390,600029,7.08,1000,277818,S,A
09:30:04.510,600029,6.15,500,278046,B,A
09:30:04.510,600029,7.48,3400,278819,S,A
09:30:04.510,600029,7.4,2500,278821,S,A
09:30:04.510,600029,7.3,100,279144,S,A
09:30:04.510,600029,6.99,2000,279231,S,A
09:30:04.510,600029,6.87,500,279401,S,A
09:30:04.510,600029,7.04,2000,279543,S,A
09:30:04.640,600029,7.48,500,279948,S,A
09:30:04.640,600029,6.3,1100,279993,B,A
09:30:04.640,600029,6.9,14500,280024,S,A
09:30:04.640,600029,7.05,1500,280655,S,A
09:30:04.640,600029,6.87,3600,250761,S,D
09:30:04.640,600029,6.77,3100,281194,B,A
09:30:04.640,600029,6.84,2000,281215,S,A
09:30:04.640,600029,6.87,1300,226824,S,D
09:30:04.640,600029,6.77,1100,281236,B,A
09:30:04.760,600029,6.87,3300,241102,S,D
09:30:04.760,600029,6.77,2800,281560,B,A
09:30:04.760,600029,6.99,3000,275004,S,D
09:30:04.760,600029,7.05,1000,281898,S,A
09:30:04.760,600029,6.87,1600,258454,S,D
09:30:04.760,600029,7.1,500,282176,S,A
09:30:04.760,600029,7.3,500,282182,S,A
09:30:04.760,600029,6.82,3200,282332,S,A
09:30:04.760,600029,6.83,3200,282343,S,A
09:30:04.760,600029,6.77,3200,282344,B,A
09:30:04.760,600029,6.84,100,282348,S,A
09:30:04.760,600029,6.77,1300,282400,B,A
09:30:04.760,600029,6.87,1500,255305,S,D
09:30:04.760,600029,6.99,2000,282589,S,A
09:30:04.760,600029,6.81,200,283097,S,A
09:30:04.760,600029,6.81,2200,283103,S,A
09:30:04.890,600029,7.1,5000,283263,S,A
09:30:05.000,600029,7.2,1000,284760,S,A
09:30:05.110,600029,6.84,3000,285996,S,A
09:30:05.110,600029,6.96,1600,286546,S,A
09:30:05.110,600029,6.81,11400,286697,B,A
09:30:05.110,600029,7.36,1900,286883,S,A
09:30:05.110,600029,7.3,1400,287186,S,A
09:30:05.110,600029,6.82,100,287438,S,A
09:30:05.240,600029,6.84,800,287712,S,A
09:30:05.310,600029,7.04,10000,288096,S,A
09:30:05.360,600029,7.07,500,288994,S,A
09:30:05.360,600029,7.3,26600,289108,S,A
09:30:05.360,600029,7.0,4000,289166,S,A
09:30:05.360,600029,6.94,1000,289345,S,A
09:30:05.360,600029,6.8,2100,289475,B,A
09:30:05.360,600029,6.93,800,289512,S,A
09:30:05.360,600029,7.4,1000,289727,S,A
09:30:05.360,600029,7.15,2700,289906,S,A
09:30:05.360,600029,7.0,200,290095,S,A
09:30:05.360,600029,6.82,18000,290105,S,A
09:30:05.490,600029,6.8,2600,290634,B,A
09:30:05.490,600029,7.09,3000,290972,S,A
09:30:05.490,600029,6.99,2500,291271,S,A
09:30:05.490,600029,6.8,1900,291318,B,A
09:30:05.490,600029,7.0,1000,291530,S,A
09:30:05.490,600029,7.0,1000,291565,S,A
09:30:05.570,600029,6.99,2000,291947,S,A
09:30:05.570,600029,6.95,200,292958,S,A
09:30:05.700,600029,6.58,4000,293993,B,A
09:30:05.700,600029,7.3,1000,294255,S,A
09:30:05.700,600029,6.99,800,294289,S,A
09:30:05.700,600029,6.87,2000,294486,S,A
09:30:05.700,600029,7.48,1000,294836,S,A
09:30:05.700,600029,6.9,2000,294916,S,A
09:30:05.700,600029,6.8,900,294917,B,A
09:30:05.830,600029,6.95,5000,295513,S,A
09:30:05.830,600029,6.99,1000,295750,S,A
09:30:05.830,600029,6.8,1100,295751,B,A
09:30:05.830,600029,6.8,2000,295752,B,A
09:30:05.830,600029,6.84,100,295821,S,A
09:30:05.830,600029,6.7,400,295827,B,A
09:30:05.830,600029,6.6,2900,296064,B,A
09:30:05.830,600029,6.83,2900,296304,S,A
09:30:05.830,600029,6.82,2900,296305,S,A
09:30:05.830,600029,6.77,2900,296306,B,A
09:30:05.830,600029,6.9,1700,296544,S,A
09:30:05.830,600029,7.3,2000,296637,S,A
09:30:05.970,600029,7.47,10000,297325,S,A
09:30:05.970,600029,6.84,300,297425,S,A
09:30:05.970,600029,6.5,1000,297580,B,A
09:30:05.970,600029,6.84,2000,297942,S,A
09:30:05.970,600029,7.48,3000,298103,S,A
09:30:05.970,600029,7.19,10900,298182,S,A
09:30:05.970,600029,6.99,1000,298362,S,A
09:30:05.970,600029,6.7,1000,298611,B,A
09:30:05.970,600029,6.98,7300,298638,S,A
09:30:06.110,600029,6.95,13000,298729,S,A
09:30:06.110,600029,6.98,500,298983,S,A
09:30:06.110,600029,7.1,400,299370,S,A
09:30:06.110,600029,7.0,2000,299442,S,A
09:30:06.110,600029,7.4,3000,299761,S,A
09:30:06.110,600029,7.25,21900,299792,S,A
09:30:06.110,600029,6.95,2800,299806,S,A
09:30:06.110,600029,6.15,500,278046,B,D
09:30:06.280,600029,6.63,2000,300517,B,A
09:30:06.280,600029,7.2,2000,300985,S,A
09:30:06.280,600029,6.88,300,301305,S,A
09:30:06.280,600029,6.95,500,181503,S,D
09:30:06.280,600029,7.0,2000,302203,S,A
09:30:06.280,600029,7.0,60300,302239,S,A
09:30:06.420,600029,6.99,500,302407,S,A
09:30:06.420,600029,6.8,2200,303239,B,A
09:30:06.550,600029,7.38,1000,304861,S,A
09:30:06.670,600029,7.01,4000,306005,S,A
09:30:06.670,600029,7.29,5000,306027,S,A
09:30:06.670,600029,7.04,2000,306230,S,A
09:30:06.670,600029,7.28,1000,306298,S,A
09:30:06.670,600029,6.75,3100,306414,B,A
09:30:06.820,600029,7.48,300,307997,S,A
09:30:06.820,600029,7.06,600,308009,S,A
09:30:06.940,600029,7.3,3000,309723,S,A
09:30:06.940,600029,7.33,2000,309734,S,A
09:30:06.940,600029,7.37,1000,309867,S,A
09:30:06.940,600029,6.83,10000,309972,S,A
09:30:06.940,600029,7.06,2000,310634,S,A
09:30:06.940,600029,7.07,2000,310704,S,A
09:30:06.940,600029,7.2,3000,310869,S,A
09:30:07.070,600029,7.0,3000,312545,S,A
09:30:07.070,600029,6.81,26000,312668,B,A
09:30:07.070,600029,6.8,2300,312669,B,A
09:30:07.200,600029,6.84,100,261420,S,D
09:30:07.200,600029,6.15,800,314009,B,A
09:30:07.440,600029,6.8,2400,314935,B,A
09:30:07.440,600029,6.81,4000,316162,B,A
09:30:07.440,600029,7.19,31600,316330,S,A
09:30:07.560,600029,6.96,1000,317162,S,A
09:30:07.630,600029,6.84,100,317614,S,A
09:30:07.700,600029,6.8,1300,318438,B,A
09:30:07.700,600029,6.8,2700,318442,B,A
09:30:07.700,600029,7.38,1000,318736,S,A
09:30:07.700,600029,6.89,100,318762,S,A
09:30:07.700,600029,7.2,200,318787,S,A
09:30:07.810,600029,6.88,100,318933,S,A
09:30:08.000,600029,6.84,2000,320270,S,A
09:30:08.000,600029,6.97,3000,320500,S,A
09:30:08.000,600029,6.9,10000,320630,S,A
09:30:08.000,600029,6.7,600,320700,B,A
09:30:08.130,600029,7.48,1000,321319,S,A
09:30:08.170,600029,7.0,2000,321959,S,A
09:30:08.210,600029,6.8,1300,322411,B,A
09:30:08.210,600029,6.8,1900,322441,B,A
09:30:08.250,600029,6.98,500,322608,S,A
09:30:08.320,600029,6.99,1000,322718,S,A
09:30:08.320,600029,7.31,8000,322893,S,A
09:30:08.320,600029,6.98,1000,322894,S,A
09:30:08.320,600029,7.48,1000,322948,S,A
09:30:08.320,600029,7.28,500,323012,S,A
09:30:08.360,600029,7.11,500,323405,S,A
09:30:08.360,600029,6.83,1600,323519,S,A
09:30:08.450,600029,6.83,100,323822,B,A
09:30:08.450,600029,7.3,100,323863,S,A
09:30:08.540,600029,7.05,500,324503,S,A
09:30:08.580,600029,6.81,11000,324698,B,A
09:30:08.580,600029,7.2,200,324820,S,A
09:30:08.610,600029,6.98,3000,325047,S,A
09:30:08.650,600029,6.96,40000,325230,S,A
09:30:08.730,600029,7.07,500,325563,S,A
09:30:08.730,600029,6.82,10400,325593,B,A
09:30:08.730,600029,6.84,400,325643,S,A
09:30:08.730,600029,7.0,10000,325733,S,A
09:30:08.770,600029,7.38,200,325998,S,A
09:30:09.050,600029,6.88,200,327858,S,A
09:30:09.160,600029,6.83,4700,328674,B,A
09:30:09.230,600029,7.48,1000,329262,S,A
09:30:09.230,600029,6.84,2184,329456,B,A
09:30:09.270,600029,7.48,1000,330056,S,A
09:30:09.310,600029,7.16,400,330118,S,A
09:30:09.310,600029,7.2,3000,330397,S,A
09:30:09.360,600029,7.48,1000,330762,S,A
09:30:09.360,600029,7.1,100,331054,S,A
09:30:09.400,600029,6.84,1884,329456,B,D
09:30:09.400,600029,7.48,1000,331716,S,A
09:30:09.440,600029,6.99,10000,331857,S,A
09:30:09.440,600029,7.48,200,331987,S,A
09:30:09.520,600029,6.77,3200,282344,B,D
09:30:09.600,600029,6.77,1300,282400,B,D
09:30:09.600,600029,6.83,2100,333180,B,A
09:30:09.600,600029,6.77,1100,281236,B,D
09:30:09.600,600029,6.77,3100,281194,B,D
09:30:09.650,600029,6.84,100,333706,B,A
09:30:09.650,600029,6.99,1400,333901,S,A
09:30:09.650,600029,6.77,2900,296306,B,D
09:30:09.700,600029,6.77,2800,281560,B,D
09:30:09.760,600029,6.81,8783,286697,B,D
09:30:09.760,600029,6.77,5000,334606,B,A
09:30:09.760,600029,7.18,500,334672,S,A
09:30:09.760,600029,6.92,1300,334740,S,A
09:30:09.760,600029,7.21,5000,334786,S,A
09:30:09.760,600029,7.2,100,335124,S,A
09:30:09.880,600029,6.93,3000,335903,S,A
09:30:09.960,600029,6.91,5000,336595,S,A
09:30:10.000,600029,6.78,1000,337219,B,A
09:30:10.040,600029,6.81,13900,337484,B,A
09:30:10.080,600029,7.1,10300,337774,S,A
09:30:10.230,600029,6.8,13900,338698,B,A
09:30:10.230,600029,6.99,10500,338940,S,A
09:30:10.230,600029,7.48,3000,338948,S,A
09:30:10.380,600029,7.1,100,331054,S,D
09:30:10.380,600029,6.66,2000,339984,B,A
09:30:10.420,600029,6.89,1000,340194,S,A
09:30:10.490,600029,6.87,100,340954,S,A
09:30:10.580,600029,7.15,1000,341433,S,A
09:30:10.700,600029,6.85,500,341926,S,A
09:30:10.700,600029,7.01,500,342100,S,A
09:30:10.730,600029,6.9,500,342391,S,A
09:30:10.730,600029,7.45,10000,342392,S,A
09:30:10.780,600029,6.39,9500,342460,B,A
09:30:10.780,600029,7.3,5000,342505,S,A
09:30:10.850,600029,6.9,2000,342897,S,A
09:30:10.850,600029,6.66,100,342975,B,A
09:30:10.850,600029,7.03,8100,343097,S,A
09:30:10.850,600029,7.15,5000,343150,S,A
09:30:10.920,600029,6.8,500,343387,B,A
09:30:10.920,600029,6.95,400,343455,S,A
09:30:10.920,600029,6.8,1800,343496,B,A
09:30:10.950,600029,6.8,1300,343618,B,A
09:30:10.950,600029,7.19,2000,343657,S,A
09:30:11.030,600029,7.32,2500,344042,S,A
09:30:11.030,600029,6.84,1100,344127,S,A
09:30:11.180,600029,6.83,1900,345257,B,A
09:30:11.220,600029,6.77,8500,345357,B,A
09:30:11.250,600029,6.93,50000,345590,S,A
09:30:11.360,600029,6.95,1000,345979,S,A
09:30:11.480,600029,6.2,500,346925,B,A
09:30:11.480,600029,7.0,20000,347071,S,A
09:30:11.590,600029,6.74,1000,347541,B,A
09:30:11.620,600029,7.48,10000,347654,S,A
09:30:11.620,600029,7.36,300,347797,S,A
09:30:11.720,600029,7.46,1500,348054,S,A
09:30:11.910,600029,6.99,100,349103,S,A
09:30:12.100,600029,6.83,1700,350352,B,A
09:30:12.100,600029,6.83,2100,350353,B,A
09:30:12.130,600029,7.48,8000,350534,S,A
09:30:12.240,600029,7.4,500,351352,S,A
09:30:12.290,600029,6.83,1800,351835,B,A
09:30:12.290,600029,6.83,1600,351836,B,A
09:30:12.380,600029,7.09,10000,352622,S,A
09:30:12.420,600029,7.0,1200,352984,S,A
09:30:12.500,600029,6.65,500,353982,B,A
09:30:12.540,600029,6.89,1300,354179,S,A
09:30:12.540,600029,6.83,400,354234,B,A
09:30:12.540,600029,6.81,26000,312668,B,D
09:30:12.600,600029,6.83,6100,354839,B,A
09:30:12.600,600029,6.83,14600,354889,B,A
09:30:12.640,600029,6.84,29100,355228,S,A
09:30:12.640,600029,6.72,1000,355258,B,A
09:30:12.750,600029,6.83,18700,355868,B,A
09:30:12.790,600029,6.83,700,356248,B,A
09:30:12.790,600029,7.09,600,356255,S,A
09:30:13.140,600029,6.45,1300,357769,B,A
09:30:13.140,600029,6.81,800,357872,B,A
09:30:13.170,600029,6.89,700,357922,S,A
09:30:13.200,600029,6.42,4000,358175,B,A
09:30:13.380,600029,6.84,100,358828,S,A
09:30:13.620,600029,6.83,200,359911,B,A
09:30:13.620,600029,7.0,11200,359937,S,A
09:30:13.790,600029,6.83,3200,360578,B,A
09:30:13.820,600029,6.99,5000,360719,S,A
09:30:13.880,600029,6.84,100,360950,S,A
09:30:13.940,600029,6.83,1800,361203,B,A
09:30:14.080,600029,6.84,24000,361773,S,A
09:30:14.120,600029,7.0,500,362018,S,A
09:30:14.280,600029,7.0,5000,362850,S,A
09:30:14.410,600029,6.84,92800,363025,S,A
09:30:14.410,600029,7.0,7200,363226,S,A
09:30:14.490,600029,6.58,4000,293993,B,D
09:30:14.580,600029,6.9,100,364146,S,A
09:30:14.690,600029,7.12,1200,364522,S,A
09:30:14.850,600029,6.83,3600,365211,B,A
09:30:14.930,600029,6.83,200,365484,B,A
09:30:14.930,600029,6.83,1500,365485,B,A
09:30:14.990,600029,6.83,1600,365719,B,A
09:30:15.150,600029,6.83,1783,328674,B,D
09:30:15.260,600029,6.83,3600,365211,B,D
09:30:15.380,600029,7.2,900,368258,S,A
09:30:15.420,600029,6.95,20000,368563,S,A
09:30:15.520,600029,6.83,14600,354889,B,D
09:30:15.520,600029,6.83,6100,354839,B,D
09:30:15.520,600029,6.83,1300,333180,B,D
09:30:15.560,600029,6.83,2000,369631,B,A
09:30:15.720,600029,7.34,200,370895,S,A
09:30:15.810,600029,6.83,2300,371607,B,A
09:30:16.040,600029,7.08,5000,373392,S,A
09:30:16.190,600029,6.8,1800,343496,B,D
09:30:16.220,600029,6.83,1800,373920,B,A
09:30:16.220,600029,7.48,800,374011,S,A
09:30:16.220,600029,6.83,11900,374034,B,A
09:30:16.510,600029,7.06,19500,375117,S,A
09:30:16.700,600029,7.4,700,375812,S,A
09:30:16.700,600029,7.48,500,375912,S,A
09:30:17.250,600029,6.83,2300,377367,B,A
09:30:17.650,600029,7.0,6000,378432,S,A
09:30:18.240,600029,6.5,1500,380570,B,A
09:30:18.280,600029,7.09,7900,381144,S,A
09:30:18.590,600029,6.83,700,356248,B,D
09:30:18.880,600029,7.0,500,384840,S,A
09:30:18.880,600029,7.0,200,384983,S,A
09:30:19.130,600029,6.99,1000,385611,S,A
09:30:19.220,600029,7.46,2000,385861,S,A
09:30:19.420,600029,6.85,500,386494,S,A
09:30:20.320,600029,6.83,1500,365485,B,D
09:30:20.320,600029,6.83,200,365484,B,D
09:30:20.350,600029,6.83,1600,365719,B,D
09:30:20.810,600029,6.83,2300,371607,B,D
09:30:20.850,600029,6.86,4000,388740,S,A
09:30:21.110,600029,6.84,5400,389521,S,A
09:30:21.240,600029,6.96,400,390342,S,A
09:30:21.380,600029,6.83,133,391089,S,A
09:30:21.380,600029,6.83,4500,391090,S,A
09:30:21.660,600029,6.83,2800,392732,S,A
09:30:21.660,600029,6.83,600,392733,S,A
09:30:21.660,600029,6.83,1300,392735,S,A
09:30:21.770,600029,6.83,7500,393066,S,A
09:30:21.810,600029,7.0,900,393304,S,A
09:30:21.810,600029,6.99,1300,393339,S,A
09:30:21.890,600029,6.83,700,393591,S,A
09:30:21.920,600029,7.06,10200,393769,S,A
09:30:22.050,600029,6.83,2900,394148,S,A
09:30:22.050,600029,6.83,400,394149,S,A
09:30:22.050,600029,6.83,2600,394150,S,A
09:30:22.050,600029,6.83,1500,394155,S,A
09:30:23.680,600029,7.1,10000,396482,S,A
09:30:23.740,600029,6.83,267,396583,B,A
09:30:23.870,600029,6.82,500,396836,B,A
09:30:24.150,600029,6.84,4500,397829,S,A
09:30:24.150,600029,6.84,5700,397832,S,A
09:30:24.150,600029,6.84,14600,397951,S,A
09:30:24.150,600029,6.83,25633,397978,S,A
09:30:24.190,600029,6.83,35900,398214,S,A
09:30:24.220,600029,6.83,100,398272,S,A
09:30:24.220,600029,6.83,200,398421,S,A
09:30:24.330,600029,6.83,100,399155,S,A
09:30:24.370,600029,6.83,200,399260,S,A
09:30:24.440,600029,6.84,2000,399567,S,A
09:30:24.440,600029,6.83,31500,399603,S,A
09:30:24.500,600029,6.83,200,399847,S,A
09:30:24.500,600029,6.83,200,399943,S,A
09:30:24.540,600029,6.83,200,399989,S,A
09:30:24.540,600029,6.83,100,399999,S,A
09:30:24.540,600029,6.83,200,400050,S,A
09:30:24.540,600029,6.83,200,400051,S,A
09:30:24.570,600029,7.38,600,400285,S,A
09:30:24.570,600029,6.83,100,400296,S,A
09:30:24.570,600029,6.83,200,400297,S,A
09:30:24.570,600029,6.83,200,400298,S,A
09:30:24.600,600029,6.83,200,400344,S,A
09:30:24.600,600029,6.83,200,400345,S,A
09:30:24.600,600029,6.83,25900,400544,S,A
09:30:24.600,600029,6.83,90300,400549,S,A
09:30:24.740,600029,6.83,2600,401150,S,A
09:30:24.890,600029,6.81,3000,401630,B,A
09:30:24.890,600029,6.83,2600,401701,S,A
09:30:24.890,600029,6.83,500,401717,S,A
09:30:25.260,600029,6.83,100,402960,S,A
09:30:25.470,600029,6.83,200,403418,S,A
09:30:25.610,600029,7.17,1000,403651,S,A
09:30:25.640,600029,7.1,1000,403735,S,A
09:30:25.760,600029,6.83,700,403997,S,A
09:30:26.220,600029,6.84,500,404615,S,A
09:30:26.380,600029,6.83,17,404817,S,A
09:30:26.480,600029,6.83,300,404973,S,A
09:30:26.780,600029,6.84,800,405634,S,A
09:30:26.850,600029,7.26,1100,405760,S,A
09:30:27.100,600029,6.83,4700,406550,S,A
09:30:27.100,600029,6.82,22700,406579,S,A
09:30:27.170,600029,6.82,1700,406850,S,A
09:30:27.170,600029,6.84,4500,397829,S,D
09:30:27.170,600029,6.84,5700,397832,S,D
09:30:27.170,600029,6.84,14600,397951,S,D
09:30:27.210,600029,6.82,800,407000,S,A
09:30:27.210,600029,6.82,25900,407046,S,A
09:30:27.210,600029,6.84,5400,389521,S,D
09:30:27.210,600029,6.82,900,407084,S,A
09:30:27.240,600029,6.83,200,398421,S,D
09:30:27.240,600029,6.82,200,407097,S,A
09:30:27.240,600029,6.82,100,407261,S,A
09:30:27.240,600029,6.82,100,407262,S,A
09:30:27.270,600029,6.82,300,407280,S,A
09:30:27.270,600029,6.82,100,407281,S,A
09:30:27.270,600029,6.82,900,407311,S,A
09:30:27.270,600029,6.82,500,407312,S,A
09:30:27.270,600029,6.82,400,407313,S,A
09:30:27.270,600029,6.83,100,398272,S,D
09:30:27.270,600029,6.82,500,407324,S,A
09:30:27.270,600029,6.82,9000,407330,S,A
09:30:27.270,600029,6.82,100,407368,S,A
09:30:27.270,600029,6.82,900,407387,S,A
09:30:27.340,600029,6.73,600,407498,B,A
09:30:27.370,600029,6.82,500,407676,S,A
09:30:27.400,600029,6.82,3600,407788,S,A
09:30:27.440,600029,6.82,200,407924,S,A
09:30:27.440,600029,6.82,100,407925,S,A
09:30:27.440,600029,6.82,100,407926,S,A
09:30:27.440,600029,6.82,200,407927,S,A
09:30:27.440,600029,6.82,1200,407940,S,A
09:30:27.440,600029,6.82,1500,407941,S,A
09:30:27.440,600029,6.82,100,407955,S,A
09:30:27.480,600029,6.83,2000,408098,S,A
09:30:27.570,600029,6.84,26300,355228,S,D
09:30:27.610,600029,6.84,2000,399567,S,D
09:30:27.610,600029,6.83,9400,408494,S,A
09:30:27.610,600029,6.83,1400,408547,S,A
09:30:27.610,600029,6.83,2700,408564,S,A
09:30:27.610,600029,6.84,100,360950,S,D
09:30:27.670,600029,6.83,100,408913,S,A
09:30:27.670,600029,6.82,90300,408942,S,A
09:30:27.670,600029,6.83,3400,408947,S,A
09:30:27.710,600029,7.15,900,409233,S,A
09:30:27.750,600029,6.83,26300,409433,S,A
09:30:27.780,600029,6.84,24000,361773,S,D
09:30:27.780,600029,6.82,9000,407330,S,D
09:30:27.780,600029,7.48,2000,409665,S,A
09:30:27.820,600029,6.83,2800,409690,S,A
09:30:28.750,600029,6.83,100,408913,S,D
09:30:28.750,600029,6.82,200,411676,S,A
09:30:28.870,600029,6.83,24000,411792,S,A
09:30:29.080,600029,6.84,92800,363025,S,D
09:30:29.150,600029,6.83,2500,412179,S,A
09:30:29.390,600029,6.82,100,412511,S,A
09:30:29.570,600029,6.66,10000,412862,B,A
09:30:29.940,600029,7.08,400,413760,S,A
09:30:29.980,600029,6.83,2700,408564,S,D
09:30:29.980,600029,6.84,7000,413833,S,A
09:30:29.980,600029,6.84,17000,413837,S,A
09:30:29.980,600029,6.78,17000,413838,B,A
09:30:29.980,600029,6.82,2000,413839,S,A
09:30:30.030,600029,6.81,100,413865,B,A
09:30:30.030,600029,6.81,100,413890,B,A
09:30:30.030,600029,6.81,100,413891,B,A
09:30:30.030,600029,6.82,14600,413896,S,A
09:30:30.030,600029,6.82,1000,413907,S,A
09:30:30.030,600029,6.84,2400,413918,S,A
09:30:30.030,600029,6.84,1600,413945,S,A
09:30:30.090,600029,6.82,5700,413961,S,A
09:30:30.090,600029,6.83,9400,408494,S,D
09:30:30.090,600029,6.84,18700,413962,S,A
09:30:30.090,600029,6.78,18700,413963,B,A
09:30:30.090,600029,6.83,3400,408947,S,D
09:30:30.090,600029,6.81,100,413985,B,A
09:30:30.090,600029,6.83,200,399260,S,D
09:30:30.090,600029,6.83,2000,408098,S,D
09:30:30.090,600029,6.83,4700,406550,S,D
09:30:30.090,600029,6.81,100,414054,B,A
09:30:30.090,600029,6.83,1400,408547,S,D
09:30:30.090,600029,6.81,100,414070,B,A
09:30:30.090,600029,6.83,26300,409433,S,D
09:30:30.090,600029,6.83,200,399847,S,D
09:30:30.090,600029,6.83,24000,411792,S,D
09:30:30.090,600029,6.84,76,414138,S,A
09:30:30.090,600029,6.82,900,407084,S,D
09:30:30.090,600029,6.83,200,399943,S,D
09:30:30.090,600029,6.82,5400,414210,S,A
09:30:30.090,600029,6.83,200,399989,S,D
09:30:30.090,600029,6.83,200,400298,S,D
09:30:30.090,600029,6.83,200,400297,S,D
09:30:30.090,600029,6.83,200,400051,S,D
09:30:30.090,600029,6.83,200,400050,S,D
09:30:30.090,600029,6.81,100,414284,B,A
09:30:30.090,600029,6.83,200,400345,S,D
09:30:30.090,600029,6.83,200,400344,S,D
09:30:30.120,600029,6.83,2800,409690,S,D
09:30:30.160,600029,6.83,100,399999,S,D
09:30:30.160,600029,6.83,100,400296,S,D
09:30:30.260,600029,6.78,8000,414711,B,A
09:30:30.260,600029,6.84,8000,414712,S,A
09:30:30.320,600029,6.82,26300,414821,S,A
09:30:30.320,600029,6.89,700,357922,S,D
09:30:30.320,600029,6.82,24000,415176,S,A
09:30:30.470,600029,6.81,63700,416028,S,A
09:30:30.620,600029,7.2,3000,416874,S,A
09:30:30.830,600029,7.47,1000,417730,S,A
09:30:30.960,600029,7.05,400,418025,S,A
09:30:31.030,600029,6.81,63200,416028,S,D
09:30:31.440,600029,6.81,16,418900,S,A
09:30:31.510,600029,6.9,1000,418996,S,A
09:30:32.660,600029,6.84,500,420600,S,A
09:30:32.820,600029,6.81,1700,421068,S,A
09:30:32.850,600029,7.2,200,421154,S,A
09:30:32.890,600029,6.8,45500,421266,S,A
09:30:32.990,600029,6.81,400,421550,S,A
09:30:32.990,600029,6.82,1700,406850,S,D
09:30:32.990,600029,6.81,300,421563,S,A
09:30:32.990,600029,6.82,500,407676,S,D
09:30:32.990,600029,6.82,1000,413907,S,D
09:30:32.990,600029,6.79,7800,421606,B,A
09:30:33.020,600029,6.8,400,421615,S,A
09:30:33.020,600029,6.8,400,421618,S,A
09:30:33.020,600029,6.8,400,421682,S,A
09:30:33.020,600029,6.82,26300,414821,S,D
09:30:33.120,600029,6.82,24000,415176,S,D
09:30:33.120,600029,6.79,6300,421894,B,A
09:30:33.120,600029,6.82,100,412511,S,D
09:30:33.140,600029,6.81,100,422029,S,A
09:30:33.140,600029,6.81,100,422062,S,A
09:30:33.180,600029,6.81,100,422125,S,A
09:30:33.180,600029,6.81,100,422126,S,A
09:30:33.180,600029,6.81,26300,422254,S,A
09:30:33.310,600029,6.81,24000,422648,S,A
09:30:33.400,600029,6.8,100,423170,S,A
09:30:33.400,600029,6.8,200,423171,S,A
09:30:33.400,600029,6.8,100,423172,S,A
09:30:33.400,600029,6.8,100,423173,S,A
09:30:33.480,600029,6.8,100,423373,S,A
09:30:33.480,600029,6.8,200,423374,S,A
09:30:33.480,600029,6.82,3600,407788,S,D
09:30:33.510,600029,6.8,200,423662,S,A
09:30:33.510,600029,6.8,200,423663,S,A
09:30:33.510,600029,6.8,100,423664,S,A
09:30:33.510,600029,6.8,300,423665,S,A
09:30:35.060,600029,6.79,400,427039,B,A
09:30:35.360,600029,7.3,100,427579,S,A
09:30:35.760,600029,6.98,500,428394,S,A
09:30:35.990,600029,6.82,2000,413839,S,D
09:30:35.990,600029,6.82,5700,413961,S,D
09:30:35.990,600029,6.79,100,429203,B,A
09:30:35.990,600029,6.79,100,429204,B,A
09:30:36.020,600029,6.79,6300,421894,B,D
09:30:36.050,600029,6.82,14600,413896,S,D
09:30:36.050,600029,6.81,26300,422254,S,D
09:30:36.050,600029,6.79,100,429349,B,A
09:30:36.050,600029,6.79,100,429378,B,A
09:30:36.110,600029,6.79,7800,421606,B,D
09:30:36.110,600029,6.79,100,429498,B,A
09:30:36.110,600029,6.81,24000,422648,S,D
09:30:36.110,600029,6.79,200,429566,S,A
09:30:36.110,600029,6.79,300,429567,S,A
09:30:36.110,600029,6.79,200,429570,S,A
09:30:36.110,600029,6.79,100,429575,S,A
09:30:36.110,600029,6.79,100,429576,S,A
09:30:36.110,600029,6.79,500,429578,S,A
09:30:36.110,600029,6.79,200,429595,S,A
09:30:36.140,600029,6.79,800,429706,S,A
09:30:36.180,600029,6.79,2500,429783,S,A
09:30:36.180,600029,6.8,18700,429923,S,A
09:30:36.340,600029,6.79,17,430760,S,A
09:30:36.340,600029,6.8,18700,430764,S,A
09:30:36.630,600029,6.81,1700,421068,S,D
09:30:36.670,600029,7.2,800,432082,S,A
09:30:36.990,600029,6.83,17,404817,S,D
09:30:37.520,600029,7.44,10000,434166,S,A
09:30:37.900,600029,6.84,500,420600,S,D
09:30:38.310,600029,6.98,1500,435198,S,A
09:30:38.450,600029,7.1,2800,435455,S,A
09:30:38.970,600029,6.84,8000,414712,S,D
09:30:38.970,600029,6.78,8000,414711,B,D
09:30:38.970,600029,6.84,18700,413962,S,D
09:30:38.970,600029,6.78,18700,413963,B,D
09:30:38.970,600029,6.84,7000,413833,S,D
09:30:38.970,600029,6.84,1600,413945,S,D
09:30:39.000,600029,6.81,6900,436910,S,A
09:30:39.000,600029,6.84,17000,413837,S,D
09:30:39.000,600029,6.78,17000,413838,B,D
09:30:39.030,600029,6.8,18700,429923,S,D
09:30:39.030,600029,6.84,76,414138,S,D
09:30:39.030,600029,6.8,18700,430764,S,D
09:30:39.030,600029,6.84,2400,413918,S,D
09:30:39.030,600029,6.81,92,437045,S,A
09:30:39.100,600029,7.1,300,437126,S,A
09:30:39.100,600029,6.78,700,437242,B,A
09:30:39.130,600029,6.81,100,422062,S,D
09:30:39.160,600029,6.81,100,422029,S,D
09:30:39.160,600029,6.81,100,422126,S,D
09:30:39.160,600029,6.81,100,422125,S,D
09:30:39.160,600029,6.79,26300,437566,S,A
09:30:39.260,600029,6.79,24000,437806,S,A
09:30:39.430,600029,7.2,8500,438838,S,A
09:30:39.570,600029,6.95,2000,439320,S,A
09:30:39.670,600029,7.4,100,439673,S,A
09:30:40.150,600029,6.99,1000,440813,S,A
09:30:40.550,600029,6.85,500,441403,S,A
09:30:41.080,600029,6.8,4500,442184,S,A
09:30:41.230,600029,6.8,100,442378,S,A
09:30:41.550,600029,6.83,31500,399603,S,D
09:30:41.750,600029,7.03,2000,443487,S,A
09:30:41.840,600029,6.81,16,418900,S,D
09:30:42.050,600029,6.78,2600,444706,B,A
09:30:42.110,600029,6.79,100,445099,S,A
09:30:42.180,600029,6.83,100,399155,S,D
09:30:42.290,600029,6.82,100,407261,S,D
09:30:42.290,600029,6.82,300,407280,S,D
09:30:42.290,600029,6.82,100,407262,S,D
09:30:42.290,600029,6.82,100,407281,S,D
09:30:42.290,600029,6.82,100,407368,S,D
09:30:42.790,600029,6.99,100000,447562,S,A
09:30:42.890,600029,6.79,200,447826,S,A
09:30:42.920,600029,7.0,3000,447897,S,A
09:30:43.680,600029,6.98,2000,449005,S,A
09:30:43.680,600029,7.3,1000,449014,S,A
09:30:43.850,600029,6.68,10000,449249,B,A
09:30:44.990,600029,6.82,800,407000,S,D
09:30:45.060,600029,6.78,500,452205,B,A
09:30:45.200,600029,6.82,100,407925,S,D
09:30:45.200,600029,6.82,200,407924,S,D
09:30:45.200,600029,6.82,100,407955,S,D
09:30:45.200,600029,6.82,100,407926,S,D
09:30:45.200,600029,6.82,200,407927,S,D
09:30:45.780,600029,7.0,400,454732,S,A
09:30:45.850,600029,6.79,16100,454864,S,A
09:30:46.190,600029,6.78,700,437242,B,D
09:30:47.160,600029,6.84,700,456752,S,A
09:30:47.950,600029,6.82,400,407313,S,D
09:30:48.010,600029,6.82,500,407312,S,D
09:30:48.010,600029,6.82,900,407387,S,D
09:30:48.010,600029,6.82,900,407311,S,D
09:30:48.040,600029,6.78,11100,458788,B,A
09:30:48.110,600029,6.78,1000,337219,B,D
09:30:48.350,600029,6.8,4500,442184,S,D
09:30:48.410,600029,6.82,1200,407940,S,D
09:30:48.610,600029,6.82,1500,407941,S,D
09:30:48.890,600029,6.78,500,452205,B,D
09:30:49.160,600029,6.99,1100,461708,S,A
09:30:49.290,600029,7.48,1000,461954,S,A
09:30:49.350,600029,7.2,20000,462098,S,A
09:30:49.480,600029,6.95,500,462240,S,A
09:30:50.240,600029,7.48,1200,463255,S,A
09:30:50.330,600029,6.9,1200,463426,S,A
09:30:50.550,600029,6.84,8400,463716,S,A
09:30:50.710,600029,6.9,1000,464262,S,A
09:30:50.920,600029,6.78,4500,465012,B,A
09:30:51.020,600029,6.8,100,423172,S,D
09:30:51.020,600029,6.8,200,423171,S,D
09:30:51.020,600029,6.8,100,423173,S,D
09:30:51.020,600029,6.8,100,423170,S,D
09:30:51.020,600029,6.8,300,423665,S,D
09:30:51.020,600029,6.82,5400,414210,S,D
09:30:51.090,600029,6.8,100,423373,S,D
09:30:51.090,600029,6.8,200,423663,S,D
09:30:51.090,600029,6.8,200,423374,S,D
09:30:51.090,600029,6.8,200,423662,S,D
09:30:51.090,600029,6.8,100,423664,S,D
09:30:51.090,600029,6.84,200,465479,S,A
09:30:51.830,600029,6.9,700,467671,S,A
09:30:52.140,600029,6.8,500,468197,S,A
09:30:52.270,600029,6.78,1200,468344,B,A
09:30:52.570,600029,7.4,500,468819,S,A
09:30:52.870,600029,6.79,4500,469214,S,A
09:30:53.590,600029,6.99,2500,470101,S,A
09:30:53.590,600029,6.78,1300,470143,B,A
09:30:53.850,600029,7.28,2000,471031,S,A
09:30:54.050,600029,7.02,1200,471652,S,A
09:30:54.290,600029,6.79,200,472453,S,A
09:30:56.060,600029,6.76,2000,475471,B,A
09:30:56.400,600029,7.16,800,475915,S,A
09:30:56.650,600029,6.73,54800,476465,B,A
09:30:56.740,600029,7.18,2000,476761,S,A
09:30:56.830,600029,6.79,700,477060,S,A
09:30:57.220,600029,6.87,4000,478466,S,A
09:30:57.700,600029,6.84,200,465479,S,D
09:30:57.760,600029,7.48,10000,479671,S,A
09:30:58.360,600029,6.78,1000,480578,B,A
09:30:58.810,600029,7.1,1000,481096,S,A
09:30:59.080,600029,7.0,1000,481423,S,A
09:30:59.210,600029,6.81,200,481627,S,A
09:30:59.950,600029,7.0,500,483304,S,A
09:31:00.040,600029,6.79,1900,483619,S,A
09:31:00.040,600029,6.79,400,483621,S,A
09:31:00.130,600029,6.79,500,483802,S,A
09:31:00.130,600029,6.79,300,483803,S,A
09:31:00.130,600029,6.79,300,483804,S,A
09:31:00.130,600029,6.79,400,483805,S,A
09:31:00.130,600029,6.79,1000,483861,S,A
09:31:00.130,600029,6.79,500,483918,S,A
09:31:00.130,600029,6.79,500,484080,S,A
09:31:00.160,600029,6.95,3000,484263,S,A
09:31:00.160,600029,6.79,400,484284,S,A
09:31:00.160,600029,6.79,300,484286,S,A
09:31:00.160,600029,6.79,500,484324,S,A
09:31:00.160,600029,6.79,700,484325,S,A
09:31:00.160,600029,6.79,400,484326,S,A
09:31:00.310,600029,6.79,1000,484785,S,A
09:31:00.380,600029,6.76,1200,485245,B,A
09:31:00.770,600029,7.03,3000,486283,S,A
09:31:00.860,600029,7.48,2400,486428,S,A
09:31:01.170,600029,6.82,200,487099,S,A
09:31:01.890,600029,7.0,800,488741,S,A
09:31:02.340,600029,6.9,100,489603,S,A
09:31:02.530,600029,6.79,800,489992,S,A
09:31:02.560,600029,6.79,200,490144,S,A
09:31:02.560,600029,6.79,300,490164,S,A
09:31:02.590,600029,6.79,100,490219,S,A
09:31:02.590,600029,6.79,100,490239,S,A
09:31:02.620,600029,6.79,200,490383,S,A
09:31:02.620,600029,6.79,400,490393,S,A
09:31:02.620,600029,6.79,200,490404,S,A
09:31:02.650,600029,6.79,100,490465,S,A
09:31:02.690,600029,6.8,500,468197,S,D
09:31:02.730,600029,6.79,600,490764,S,A
09:31:02.730,600029,6.79,800,490776,S,A
09:31:02.730,600029,6.79,800,490831,S,A
09:31:02.900,600029,6.79,100,491653,S,A
09:31:03.130,600029,6.79,800,492629,S,A
09:31:03.130,600029,6.79,100,492635,S,A
09:31:03.230,600029,6.83,2600,401701,S,D
09:31:03.230,600029,6.79,800,493477,S,A
09:31:03.310,600029,6.95,3000,493774,S,A
09:31:04.280,600029,6.79,400,496575,S,A
09:31:04.310,600029,6.9,2000,496662,S,A
09:31:04.460,600029,6.5,5100,496967,B,A
09:31:04.940,600029,6.74,300,497806,B,A
09:31:04.990,600029,6.98,1300,497891,S,A
09:31:05.180,600029,7.28,3000,498184,S,A
09:31:05.570,600029,6.79,100,499181,S,A
09:31:05.570,600029,6.79,200,499245,S,A
09:31:05.570,600029,6.79,800,499267,S,A
09:31:05.570,600029,6.79,7400,499301,S,A
09:31:06.150,600029,7.1,800,501511,S,A
09:31:06.350,600029,6.78,1000,502545,B,A
09:31:06.750,600029,6.84,8400,463716,S,D
09:31:08.520,600029,7.48,300,506518,S,A
09:31:09.050,600029,6.89,2000,508240,S,A
09:31:09.150,600029,7.3,20000,508642,S,A
09:31:09.300,600029,6.96,100,509697,S,A
09:31:09.530,600029,6.79,800,510348,S,A
09:31:09.560,600029,6.79,300,510431,S,A
09:31:09.590,600029,6.79,300,510478,S,A
09:31:09.590,600029,6.79,500,510479,S,A
09:31:09.590,600029,6.79,1100,510535,S,A
09:31:09.630,600029,6.79,100,510613,S,A
09:31:09.780,600029,6.74,3000,510945,B,A
09:31:09.810,600029,6.78,700,510987,B,A
09:31:10.080,600029,7.0,800,511430,S,A
09:31:10.990,600029,6.95,300,512889,S,A
09:31:11.330,600029,7.0,4800,513393,S,A
09:31:11.570,600029,6.71,1000,513883,B,A
09:31:11.630,600029,7.38,2500,514274,S,A
09:31:11.760,600029,6.78,600,514637,B,A
09:31:11.830,600029,6.79,1100,514796,S,A
09:31:12.680,600029,7.1,1000,517719,S,A
09:31:13.730,600029,6.78,1200,519497,B,A
09:31:14.510,600029,6.72,5000,520696,B,A
09:31:15.010,600029,6.81,500,522207,S,A
09:31:15.270,600029,6.85,300,522971,S,A
09:31:15.270,600029,6.78,2000,523069,B,A
09:31:15.380,600029,6.83,2500,412179,S,D
09:31:15.610,600029,6.79,800,524375,S,A
09:31:15.610,600029,6.79,400,524378,S,A
09:31:15.670,600029,7.38,3000,524511,S,A
09:31:15.670,600029,6.79,600,524531,S,A
09:31:15.670,600029,6.79,1000,524598,S,A
09:31:15.700,600029,6.79,700,524632,S,A
09:31:15.730,600029,6.79,300,524694,S,A
09:31:15.730,600029,6.79,600,524711,S,A
09:31:16.460,600029,6.8,32100,421266,S,D
09:31:17.000,600029,7.0,900,526617,S,A
09:31:17.430,600029,6.88,1000,527201,S,A
09:31:17.810,600029,6.81,200,481627,S,D
09:31:17.840,600029,6.68,1000,528574,B,A
09:31:17.840,600029,6.8,2400,528644,S,A
09:31:17.900,600029,6.8,76,528829,S,A
09:31:18.210,600029,7.1,10500,529707,S,A
09:31:18.410,600029,6.85,200,530431,S,A
09:31:18.480,600029,6.78,200,530597,B,A
09:31:18.690,600029,6.71,1000,531309,B,A
09:31:19.220,600029,6.79,2600,532238,S,A
09:31:19.470,600029,7.0,1000,532755,S,A
09:31:20.100,600029,7.0,7900,533781,S,A
09:31:20.880,600029,6.79,2700,536157,S,A
09:31:20.940,600029,6.79,100,536321,S,A
09:31:22.100,600029,6.98,1000,539307,S,A
09:31:22.270,600029,6.78,2700,539566,B,A
09:31:22.630,600029,6.75,1000,540149,B,A
09:31:22.630,600029,7.46,3000,540174,S,A
09:31:22.740,600029,7.02,6800,540313,S,A
09:31:23.310,600029,6.65,2000,541121,B,A
09:31:23.900,600029,6.71,12000,542790,B,A
09:31:24.920,600029,6.5,2500,545436,B,A
09:31:25.040,600029,6.85,3500,545634,S,A
09:31:25.330,600029,6.79,100,546185,S,A
09:31:25.700,600029,6.78,3900,546803,B,A
09:31:25.880,600029,6.99,1100,546980,S,A
09:31:26.490,600029,6.78,11900,548174,B,A
09:31:26.950,600029,6.95,20000,368563,S,D
09:31:26.950,600029,6.9,2000,549731,S,A
09:31:26.950,600029,6.21,5000,549737,B,A
09:31:27.680,600029,7.4,30000,552042,S,A
09:31:29.840,600029,6.79,300,556385,S,A
09:31:29.880,600029,6.83,300,404973,S,D
09:31:29.920,600029,6.79,3900,556574,S,A
09:31:30.480,600029,7.15,100,558248,S,A
09:31:30.480,600029,7.12,800,558287,S,A
09:31:30.890,600029,7.0,4900,559319,S,A
09:31:31.510,600029,7.4,800,560375,S,A
09:31:31.700,600029,6.38,5000,560563,B,A
09:31:31.700,600029,6.89,10000,560570,S,A
09:31:32.850,600029,6.82,200,411676,S,D
09:31:33.040,600029,6.61,1000,563551,B,A
09:31:33.170,600029,6.67,200,563916,B,A
09:31:33.430,600029,6.75,5000,564613,B,A
09:31:33.460,600029,6.7,500,564726,B,A
09:31:33.600,600029,6.73,1000,565141,B,A
09:31:33.630,600029,7.48,10000,565213,S,A
09:31:33.820,600029,6.6,2000,565611,B,A
09:31:34.300,600029,6.78,4100,566401,B,A
09:31:34.730,600029,6.79,1900,566989,S,A
09:31:35.650,600029,6.76,32700,568856,B,A
09:31:38.570,600029,6.79,400,574911,S,A
09:31:38.600,600029,6.79,300,575012,S,A
09:31:38.600,600029,6.79,300,575013,S,A
09:31:38.600,600029,6.79,700,575023,S,A
09:31:38.640,600029,6.79,400,575094,S,A
09:31:38.640,600029,6.79,400,575150,S,A
09:31:38.640,600029,6.79,800,575155,S,A
09:31:38.680,600029,6.79,200,575184,S,A
09:31:39.410,600029,6.78,200,577199,B,A
09:31:39.540,600029,6.78,1500,577374,S,A
09:31:39.540,600029,6.78,9400,577453,S,A
09:31:40.070,600029,7.06,59000,578200,S,A
09:31:40.480,600029,6.78,100,578963,S,A
09:31:40.480,600029,6.78,100,579003,S,A
09:31:41.300,600029,7.0,100000,580220,S,A
09:31:41.530,600029,6.74,3000,580757,B,A
09:31:41.530,600029,6.74,3000,580812,B,A
09:31:41.590,600029,6.74,3000,580862,B,A
09:31:41.590,600029,6.78,3700,580978,S,A
09:31:41.660,600029,6.78,600,581081,S,A
09:31:41.660,600029,6.78,900,581143,S,A
09:31:41.790,600029,7.48,14500,581529,S,A
09:31:42.420,600029,6.99,1500,583229,S,A
09:31:42.760,600029,6.9,1000,584066,S,A
09:31:42.940,600029,6.78,500,584460,S,A
09:31:43.010,600029,6.28,5000,584545,B,A
09:31:43.530,600029,6.78,32100,585230,S,A
09:31:43.980,600029,7.4,20000,585798,S,A
09:31:44.080,600029,6.98,100,585936,S,A
09:31:44.110,600029,6.7,2000,585976,B,A
09:31:44.500,600029,6.81,500,522207,S,D
09:31:44.600,600029,7.01,500,587200,S,A
09:31:44.870,600029,6.77,800,588160,B,A
09:31:45.170,600029,6.85,1000,588813,S,A
09:31:45.350,600029,7.02,6900,589331,S,A
09:31:45.610,600029,6.86,1000,589892,S,A
09:31:46.180,600029,6.3,900,590838,B,A
09:31:46.600,600029,7.07,1360,591507,S,A
09:31:46.630,600029,7.15,500,591559,S,A
09:31:46.690,600029,7.0,10000,591618,S,A
09:31:46.940,600029,6.77,100,591890,B,A
09:31:48.720,600029,6.77,1200,596501,B,A
09:31:49.230,600029,6.75,3100,306414,B,D
09:31:49.490,600029,6.8,100,442378,S,D
09:31:49.610,600029,6.79,500,597721,S,A
09:31:50.400,600029,6.99,1100,599081,S,A
09:31:50.640,600029,6.78,200,599943,S,A
09:31:50.640,600029,6.78,7600,599968,S,A
09:31:50.770,600029,6.78,6000,600385,S,A
09:31:50.860,600029,6.77,100,600553,B,A
09:31:51.550,600029,6.3,100,602263,B,A
09:31:51.950,600029,7.46,1000,602816,S,A
09:31:52.280,600029,6.77,1400,603309,B,A
09:31:52.940,600029,6.79,2600,532238,S,D
09:31:53.050,600029,7.46,5000,156667,S,D
09:31:53.710,600029,6.79,100,536321,S,D
09:31:54.020,600029,6.77,200,606866,B,A
09:31:54.060,600029,6.78,100,606904,S,A
09:31:55.350,600029,6.77,1000,609130,B,A
09:31:55.790,600029,6.78,100,609631,S,A
09:31:56.090,600029,7.12,900,610027,S,A
09:31:56.580,600029,6.87,6000,611157,S,A
09:31:56.770,600029,6.77,700,611690,B,A
09:31:57.210,600029,6.6,2000,612816,B,A
09:31:57.770,600029,7.1,3000,613958,S,A
09:31:58.300,600029,7.14,400,614780,S,A
09:31:58.960,600029,6.81,10000,615693,S,A
09:31:59.630,600029,6.78,1700,617037,S,A
09:32:00.070,600029,6.96,5000,618430,S,A
09:32:01.370,600029,7.2,200,620768,S,A
09:32:01.700,600029,7.0,300,621205,S,A
09:32:01.900,600029,6.8,5600,621522,S,A
09:32:01.900,600029,6.8,4900,621529,S,A
09:32:01.900,600029,6.8,12000,621534,S,A
09:32:01.900,600029,6.8,13200,621535,S,A
09:32:01.900,600029,6.8,3200,621541,S,A
09:32:02.630,600029,6.77,6800,623177,B,A
09:32:02.630,600029,6.77,10000,623185,B,A
09:32:02.900,600029,6.77,6400,624076,B,A
09:32:03.000,600029,6.8,500,624463,S,A
09:32:03.000,600029,7.0,100,624486,S,A
09:32:03.160,600029,6.77,3000,624904,B,A
09:32:03.570,600029,6.78,300,626054,S,A
09:32:03.630,600029,6.98,1000,626127,S,A
09:32:04.800,600029,6.78,500,627800,S,A
09:32:05.030,600029,6.77,2000,628057,B,A
09:32:05.690,600029,6.76,400,629644,B,A
09:32:05.690,600029,6.78,100,629687,S,A
09:32:05.810,600029,6.82,100,630206,S,A
09:32:08.210,600029,6.78,200,634474,S,A
09:32:08.210,600029,6.78,1300,634486,S,A
09:32:08.230,600029,6.78,400,634552,S,A
09:32:08.350,600029,6.78,3900,634787,S,A
09:32:09.130,600029,6.75,1000,636971,B,A
09:32:09.160,600029,6.87,500,279401,S,D
09:32:09.350,600029,6.85,200,637604,S,A
09:32:09.570,600029,7.0,800,638068,S,A
09:32:09.900,600029,6.78,500,638610,S,A
09:32:10.530,600029,7.25,500,639574,S,A
09:32:10.890,600029,7.1,2000,640028,S,A
09:32:10.970,600029,6.77,30000,640100,B,A
09:32:11.400,600029,6.78,2800,640869,S,A
09:32:11.400,600029,6.78,2200,640914,S,A
09:32:11.670,600029,6.77,600,641770,B,A
09:32:11.770,600029,6.76,1200,485245,B,D
09:32:12.970,600029,6.78,900,644808,S,A
09:32:13.450,600029,6.85,900,645557,S,A
09:32:13.600,600029,6.79,3200,645674,S,A
09:32:13.710,600029,7.25,1300,645867,S,A
09:32:13.920,600029,6.95,2000,182877,S,D
09:32:14.220,600029,6.78,1700,617037,S,D
09:32:14.250,600029,6.82,200,407097,S,D
09:32:14.310,600029,7.0,17900,646902,S,A
09:32:14.610,600029,6.77,100,647869,B,A
09:32:14.850,600029,6.77,600,648572,B,A
09:32:15.260,600029,6.95,50000,649536,S,A
09:32:15.480,600029,6.77,300,650026,B,A
09:32:15.940,600029,6.98,1000,650825,S,A
09:32:16.490,600029,7.48,19900,651679,S,A
09:32:18.050,600029,6.75,2000,655275,B,A
09:32:19.360,600029,6.77,2200,657657,B,A
09:32:20.430,600029,6.9,2000,659292,S,A
09:32:21.860,600029,7.18,2000,662642,S,A
09:32:22.370,600029,6.78,1200,663325,S,A
09:32:25.270,600029,6.98,7300,298638,S,D
09:32:25.580,600029,7.48,2300,669416,S,A
09:32:25.620,600029,6.79,100,546185,S,D
09:32:26.620,600029,6.5,800,671282,B,A
09:32:26.690,600029,6.77,500,671554,B,A
09:32:26.910,600029,7.05,9900,672051,S,A
09:32:27.280,600029,7.08,1500,672960,S,A
09:32:28.300,600029,7.1,400,674830,S,A
09:32:28.570,600029,7.08,1000,675277,S,A
09:32:28.750,600029,7.0,500,675526,S,A
09:32:29.270,600029,6.68,1000,676273,B,A
09:32:29.350,600029,6.77,100,676555,B,A
09:32:30.050,600029,6.77,12000,678300,B,A
09:32:30.410,600029,7.03,2000,679404,S,A
09:32:30.620,600029,7.2,200,679800,S,A
09:32:30.720,600029,6.78,7100,679930,B,A
09:32:30.900,600029,7.0,200,680180,S,A
09:32:31.450,600029,6.78,200,680885,B,A
09:32:32.350,600029,6.77,100,676555,B,D
09:32:32.410,600029,6.79,5600,682521,S,A
09:32:32.600,600029,6.79,5300,683053,S,A
09:32:32.660,600029,6.79,200,683294,S,A
09:32:34.310,600029,6.68,4300,686372,B,A
09:32:35.330,600029,6.9,4200,687922,S,A
09:32:37.460,600029,7.0,1000,692434,S,A
09:32:37.750,600029,6.79,500,597721,S,D
09:32:38.250,600029,6.99,10400,693545,S,A
09:32:39.140,600029,6.78,700,695841,B,A
09:32:40.520,600029,7.48,600,698179,S,A
09:32:40.670,600029,7.35,1000,698355,S,A
09:32:40.670,600029,7.33,39500,698361,S,A
09:32:41.370,600029,6.78,1500,699467,B,A
09:32:41.390,600029,6.78,1900,699590,B,A
09:32:41.740,600029,6.85,100,700532,S,A
09:32:41.840,600029,7.3,200,700788,S,A
09:32:42.130,600029,6.78,700,701441,B,A
09:32:42.290,600029,6.78,1200,701912,B,A
09:32:43.700,600029,6.97,6700,704118,S,A
09:32:43.880,600029,7.09,2000,704328,S,A
09:32:44.100,600029,6.99,1000,704545,S,A
09:32:44.390,600029,6.76,2000,475471,B,D
09:32:44.390,600029,6.79,600,705186,S,A
09:32:44.390,600029,6.85,500,705233,S,A
09:32:44.450,600029,6.79,7100,705312,S,A
09:32:44.450,600029,6.79,1800,705346,S,A
09:32:44.480,600029,6.78,100,705387,B,A
09:32:44.960,600029,7.48,3900,706725,S,A
09:32:45.140,600029,7.2,200,707139,S,A
09:32:45.140,600029,6.78,700,707190,B,A
09:32:46.340,600029,6.77,2000,709148,B,A
09:32:46.600,600029,6.85,3500,545634,S,D
09:32:46.810,600029,6.78,700,709856,B,A
09:32:46.900,600029,7.06,2900,709967,S,A
09:32:47.680,600029,6.78,3700,711722,B,A
09:32:48.000,600029,6.77,200,606866,B,D
09:32:48.930,600029,6.78,200,714975,B,A
09:32:49.110,600029,6.8,500,715239,S,A
09:32:50.380,600029,6.78,1100,717179,B,A
09:32:50.840,600029,6.81,1000,718552,S,A
09:32:50.870,600029,6.76,900,718702,B,A
09:32:50.970,600029,6.75,14500,245980,B,D
09:32:51.570,600029,6.71,3000,720193,B,A
09:32:51.640,600029,6.7,2000,720254,B,A
09:32:52.340,600029,6.9,100,721267,S,A
09:32:52.930,600029,6.77,2400,722088,S,A
09:32:53.230,600029,6.85,20000,722534,S,A
09:32:53.290,600029,6.78,200,722667,S,A
09:32:53.290,600029,6.78,2700,722695,S,A
09:32:53.510,600029,6.77,4600,723104,B,A
09:32:53.680,600029,6.77,100,723543,B,A
09:32:53.680,600029,6.78,3100,723555,S,A
09:32:53.680,600029,6.78,5700,723560,S,A
09:32:53.710,600029,6.77,2600,723669,B,A
09:32:53.740,600029,6.77,2300,723694,B,A
09:32:53.740,600029,6.77,2200,723695,B,A
09:32:53.740,600029,6.77,2900,723696,B,A
09:32:53.780,600029,6.77,400,723730,B,A
09:32:53.780,600029,6.78,4200,723733,S,A
09:32:53.780,600029,6.78,800,723870,S,A
09:32:53.780,600029,6.78,900,723884,S,A
09:32:53.780,600029,6.77,2400,723926,B,A
09:32:53.910,600029,6.77,2000,724229,B,A
09:32:54.100,600029,6.77,2400,723926,B,D
09:32:54.100,600029,6.77,400,723730,B,D
09:32:54.100,600029,6.77,2200,723695,B,D
09:32:54.100,600029,6.77,2900,723696,B,D
09:32:54.100,600029,6.77,2600,723669,B,D
09:32:54.120,600029,6.77,2300,723694,B,D
09:32:54.410,600029,6.8,300,725520,S,A
09:32:55.050,600029,6.77,400,726414,B,A
09:32:56.230,600029,6.8,500,715239,S,D
09:32:56.390,600029,6.79,600,705186,S,D
09:32:56.410,600029,6.79,7100,705312,S,D
09:32:56.670,600029,6.78,3800,729168,S,A
09:32:56.900,600029,7.45,1000,729815,S,A
09:32:56.940,600029,6.77,10000,729925,B,A
09:32:57.110,600029,7.46,5000,730356,S,A
09:32:57.230,600029,6.77,700,730712,B,A
09:32:57.420,600029,6.77,200,731064,B,A
09:32:57.960,600029,6.78,2800,731931,S,A
09:32:58.750,600029,7.15,4100,733160,S,A
09:32:59.310,600029,6.78,1000,734045,S,A
09:32:59.460,600029,6.79,1800,705346,S,D
09:32:59.740,600029,6.78,1300,735227,S,A
09:33:00.000,600029,6.83,3500,735711,S,A
09:33:01.740,600029,6.79,500,739220,S,A
09:33:02.560,600029,6.78,4400,740691,S,A
09:33:03.230,600029,6.76,14500,742359,B,A
09:33:04.010,600029,6.78,400,743769,S,A
09:33:05.120,600029,6.9,100,745417,S,A
09:33:05.240,600029,6.74,2000,745698,B,A
09:33:05.460,600029,6.85,2000,746261,S,A
09:33:05.650,600029,6.78,100,746808,S,A
09:33:05.810,600029,6.77,1200,747211,B,A
09:33:06.690,600029,6.78,200,748810,S,A
09:33:06.940,600029,6.77,1700,749264,B,A
09:33:07.070,600029,6.78,3000,749490,S,A
09:33:08.180,600029,6.89,400,261889,S,D
09:33:08.280,600029,6.77,2700,751574,B,A
09:33:08.380,600029,6.78,8600,751887,B,A
09:33:08.410,600029,6.77,1700,749264,B,D
09:33:08.410,600029,6.77,1200,747211,B,D
09:33:08.410,600029,6.77,2700,751574,B,D
09:33:08.670,600029,6.81,4400,752874,S,A
09:33:08.740,600029,6.78,100,753022,B,A
09:33:08.920,600029,6.78,600,753496,B,A
09:33:09.140,600029,6.78,400,754050,B,A
09:33:09.140,600029,6.78,600,754054,B,A
09:33:09.200,600029,6.78,600,754270,B,A
09:33:09.200,600029,6.78,100,754395,B,A
09:33:09.370,600029,6.78,100,754713,B,A
09:33:09.490,600029,6.78,100,754945,B,A
09:33:09.520,600029,6.78,1300,755038,B,A
09:33:09.550,600029,6.78,100,755110,B,A
09:33:10.000,600029,6.77,600,755910,B,A
09:33:10.200,600029,6.78,500,756248,B,A
09:33:10.260,600029,6.78,600,756379,B,A
09:33:11.430,600029,6.79,2200,758407,S,A
09:33:11.470,600029,6.79,600,758435,S,A
09:33:11.470,600029,6.79,500,758451,S,A
09:33:11.470,600029,6.78,100,758495,S,A
09:33:11.470,600029,6.78,300,758496,S,A
09:33:11.470,600029,6.78,600,758497,S,A
09:33:11.600,600029,6.79,3100,758854,S,A
09:33:12.030,600029,6.78,400,760086,S,A
09:33:12.030,600029,6.78,100,760090,S,A
09:33:12.290,600029,6.78,1900,760781,S,A
09:33:12.290,600029,6.78,600,760782,S,A
09:33:12.290,600029,6.78,400,760839,S,A
09:33:12.360,600029,6.78,400,760885,S,A
09:33:12.360,600029,6.78,400,760918,S,A
09:33:12.360,600029,6.78,200,760929,S,A
09:33:12.360,600029,6.78,600,760930,S,A
09:33:12.360,600029,6.78,100,760944,S,A
09:33:12.360,600029,6.78,100,760965,S,A
09:33:12.360,600029,6.78,900,760966,S,A
09:33:12.360,600029,6.78,600,760984,S,A
09:33:12.360,600029,6.78,100,760985,S,A
09:33:12.390,600029,6.78,100,761001,S,A
09:33:12.390,600029,6.78,500,761002,S,A
09:33:12.390,600029,6.78,300,761003,S,A
09:33:12.390,600029,6.78,100,761039,S,A
09:33:12.390,600029,6.78,400,761049,S,A
09:33:12.730,600029,6.76,1000,761682,B,A
09:33:13.080,600029,6.77,700,730712,B,D
09:33:13.400,600029,6.78,200,762666,S,A
09:33:13.400,600029,6.78,300,762667,S,A
09:33:13.400,600029,6.78,100,762673,S,A
09:33:13.400,600029,6.74,3100,762726,B,A
09:33:13.540,600029,6.78,100,762936,S,A
09:33:13.800,600029,6.78,1700,763309,S,A
09:33:13.960,600029,6.7,10000,763527,B,A
09:33:14.410,600029,6.77,1000,764268,B,A
09:33:14.870,600029,6.85,500,765492,S,A
09:33:15.150,600029,6.78,4200,766113,B,A
09:33:15.490,600029,7.48,200,766918,S,A
09:33:15.490,600029,6.78,2800,766976,B,A
09:33:15.550,600029,6.78,3000,767033,B,A
09:33:15.580,600029,6.78,2500,767088,B,A
09:33:15.700,600029,6.82,7300,767301,S,A
09:33:15.830,600029,6.78,2800,766976,B,D
09:33:15.860,600029,6.78,2500,767088,B,D
09:33:15.860,600029,6.78,3000,767033,B,D
09:33:16.080,600029,6.78,200,767885,B,A
09:33:16.160,600029,7.08,100,767994,S,A
09:33:16.480,600029,6.78,300,768488,B,A
09:33:16.510,600029,6.78,200,768549,B,A
09:33:16.600,600029,6.78,300,768628,B,A
09:33:16.600,600029,6.78,4200,768632,B,A
09:33:16.600,600029,6.78,1200,768650,B,A
09:33:16.630,600029,6.78,400,768707,B,A
09:33:16.630,600029,6.78,1000,768724,B,A
09:33:16.630,600029,6.78,200,768726,B,A
09:33:16.890,600029,6.78,200,769061,B,A
09:33:17.700,600029,6.78,3500,770820,S,A
09:33:17.700,600029,6.78,1100,770832,S,A
09:33:17.910,600029,7.09,7000,771428,S,A
09:33:19.010,600029,6.8,400,421682,S,D
09:33:19.450,600029,7.07,500,774195,S,A
09:33:20.080,600029,7.0,400,775186,S,A
09:33:20.110,600029,6.84,400,775275,S,A
09:33:20.370,600029,6.79,2200,758407,S,D
09:33:20.650,600029,6.78,2200,776470,S,A
09:33:20.890,600029,6.78,200,777234,S,A
09:33:20.960,600029,7.48,400,148786,S,D
09:33:21.150,600029,6.78,1500,777902,B,A
09:33:21.320,600029,6.68,4300,686372,B,D
09:33:21.390,600029,6.78,100,778494,B,A
09:33:21.480,600029,6.78,100,778695,B,A
09:33:21.480,600029,6.78,100,778698,B,A
09:33:21.480,600029,6.78,100,778702,B,A
09:33:21.580,600029,6.78,1200,778842,B,A
09:33:21.580,600029,6.78,1200,778843,B,A
09:33:21.680,600029,6.78,400,779029,B,A
09:33:21.770,600029,6.78,100,779170,B,A
09:33:21.870,600029,6.77,800,779415,B,A
09:33:22.040,600029,6.78,900,778843,B,D
09:33:22.190,600029,7.48,1000,780009,S,A
09:33:22.290,600029,6.78,700,780132,B,A
09:33:23.450,600029,6.77,500,782106,B,A
09:33:24.050,600029,6.79,2600,783639,S,A
09:33:24.170,600029,6.78,5000,784081,B,A
09:33:24.790,600029,6.9,700,467671,S,D
09:33:25.180,600029,6.77,1000,785967,B,A
09:33:25.710,600029,6.58,2700,206638,B,D
09:33:26.350,600029,6.78,3400,787928,B,A
09:33:27.190,600029,6.79,2300,789567,S,A
09:33:27.980,600029,6.78,1300,791151,B,A
09:33:28.410,600029,6.77,2000,791745,B,A
09:33:28.920,600029,6.2,500,792575,B,A
09:33:29.120,600029,6.78,10000,792800,B,A
09:33:30.650,600029,7.0,500,796215,S,A
09:33:31.760,600029,6.71,3100,797900,B,A
09:33:32.570,600029,6.79,3100,758854,S,D
09:33:32.680,600029,6.79,200,683294,S,D
09:33:33.040,600029,6.78,1900,800298,S,A
09:33:33.340,600029,6.8,400,421615,S,D
09:33:33.340,600029,6.78,700,800884,S,A
09:33:33.410,600029,6.77,6600,801031,B,A
09:33:33.620,600029,6.74,100,801425,B,A
09:33:33.670,600029,6.91,5000,801483,S,A
09:33:34.090,600029,6.78,1700,802078,B,A
09:33:34.090,600029,6.78,1700,802079,B,A
09:33:34.280,600029,7.2,500,802322,S,A
09:33:34.440,600029,6.78,1200,802520,B,A
09:33:34.500,600029,6.78,1400,802575,B,A
09:33:34.500,600029,6.78,1500,802600,B,A
09:33:34.590,600029,6.78,900,802625,B,A
09:33:34.590,600029,6.78,12100,802688,B,A
09:33:35.530,600029,6.79,600,804219,S,A
09:33:35.890,600029,6.89,5000,805075,S,A
09:33:36.090,600029,6.79,300,805431,S,A
09:33:36.400,600029,6.78,1300,806206,B,A
09:33:37.600,600029,7.0,4500,807877,S,A
09:33:37.650,600029,7.06,3000,808057,S,A
09:33:37.750,600029,6.52,19700,808149,B,A
09:33:38.910,600029,6.71,12000,542790,B,D
09:33:39.200,600029,7.0,8300,810929,S,A
09:33:39.550,600029,6.78,2800,811483,B,A
09:33:40.460,600029,6.9,1000,812704,S,A
09:33:41.010,600029,6.5,2800,813511,B,A
09:33:41.880,600029,6.82,9600,815336,S,A
09:33:42.620,600029,6.85,1000,816922,S,A
09:33:43.120,600029,6.78,400,802078,B,D
09:33:43.120,600029,6.78,1700,802079,B,D
09:33:43.300,600029,7.0,1000,818036,S,A
09:33:43.460,600029,6.5,1000,818222,B,A
09:33:45.390,600029,6.78,1600,822242,B,A
09:33:45.460,600029,6.77,600,755910,B,D
09:33:45.680,600029,7.03,2900,822673,S,A
09:33:46.280,600029,6.78,600,823469,B,A
09:33:47.160,600029,7.48,8400,824664,S,A
09:33:48.150,600029,6.79,5800,826857,S,A
09:33:48.170,600029,6.78,100,826985,B,A
09:33:48.890,600029,6.74,41100,828322,B,A
09:33:48.980,600029,6.79,2600,783639,S,D
09:33:48.980,600029,6.79,2300,789567,S,D
09:33:49.370,600029,7.1,5000,829278,S,A
09:33:49.660,600029,6.94,6000,829989,S,A
09:33:51.010,600029,6.79,500,832995,S,A
09:33:51.010,600029,6.79,500,833034,S,A
09:33:51.010,600029,6.79,500,833037,S,A
09:33:51.010,600029,6.79,800,833043,S,A
09:33:51.040,600029,6.79,5100,833076,S,A
09:33:51.070,600029,6.79,500,833139,S,A
09:33:51.130,600029,6.79,100,833300,S,A
09:33:51.430,600029,7.0,100,833905,S,A
09:33:51.870,600029,7.28,1000,834711,S,A
09:33:52.220,600029,6.76,700,835444,B,A
09:33:52.960,600029,7.0,500,836724,S,A
09:33:54.670,600029,6.5,2000,840519,B,A
09:33:54.910,600029,6.78,1300,841023,S,A
09:33:55.360,600029,6.78,600,841771,B,A
09:33:55.740,600029,6.78,1300,842312,B,A
09:33:55.740,600029,6.78,3900,842313,B,A
09:33:55.740,600029,6.78,400,841771,B,D
09:33:55.740,600029,6.78,700,842324,B,A
09:33:56.010,600029,6.78,700,842324,B,D
09:33:57.080,600029,6.78,200,844654,B,A
09:33:58.010,600029,6.78,700,846293,B,A
09:33:58.810,600029,6.79,200,847364,S,A
09:33:59.230,600029,6.22,300,847975,B,A
09:33:59.920,600029,7.05,26800,849371,S,A
09:34:02.100,600029,6.79,300,853173,S,A
09:34:02.670,600029,6.97,5000,854449,S,A
09:34:02.730,600029,7.48,400,854501,S,A
09:34:03.160,600029,6.78,600,855723,B,A
09:34:03.520,600029,6.76,3000,856627,B,A
09:34:04.450,600029,6.78,100,858487,B,A
09:34:04.450,600029,6.79,100,858492,S,A
09:34:06.070,600029,6.8,2600,861586,S,A
09:34:06.170,600029,6.78,600,861864,B,A
09:34:06.600,600029,6.78,2200,862901,B,A
09:34:06.600,600029,7.2,1500,862923,S,A
09:34:06.630,600029,7.2,5000,862941,S,A
09:34:06.760,600029,6.78,20000,863170,B,A
09:34:07.990,600029,7.48,100,865105,S,A
09:34:08.680,600029,6.79,800,833043,S,D
09:34:08.680,600029,6.79,500,758451,S,D
09:34:08.680,600029,6.79,5100,833076,S,D
09:34:08.680,600029,6.79,500,832995,S,D
09:34:08.680,600029,6.79,500,833034,S,D
09:34:08.680,600029,6.79,500,833139,S,D
09:34:08.710,600029,6.79,5800,826857,S,D
09:34:08.740,600029,6.79,100,833300,S,D
09:34:08.830,600029,6.79,3217,683053,S,D
09:34:08.860,600029,6.79,600,804219,S,D
09:34:09.710,600029,7.2,700,868982,S,A
09:34:10.110,600029,6.5,5100,496967,B,D
09:34:11.260,600029,6.77,800,871521,B,A
09:34:11.420,600029,6.77,200,731064,B,D
09:34:11.580,600029,6.79,200,872145,B,A
09:34:11.580,600029,6.79,2500,872146,B,A
09:34:11.580,600029,6.79,4300,872236,B,A
09:34:11.580,600029,6.78,2300,872307,B,A
09:34:11.780,600029,6.8,1000,872811,S,A
09:34:11.950,600029,6.79,1100,873126,B,A
09:34:11.950,600029,6.79,400,873143,B,A
09:34:12.020,600029,6.79,400,873184,B,A
09:34:12.020,600029,6.79,500,873226,B,A
09:34:12.020,600029,6.79,400,873227,B,A
09:34:12.020,600029,6.79,1900,873260,B,A
09:34:12.020,600029,6.79,400,873277,B,A
09:34:12.020,600029,6.79,400,873278,B,A
09:34:12.110,600029,6.79,400,873184,B,D
09:34:12.110,600029,6.79,200,873530,B,A
09:34:12.140,600029,6.79,200,873550,B,A
09:34:12.170,600029,6.79,1000,873616,B,A
09:34:12.170,600029,6.79,1300,873656,B,A
09:34:12.200,600029,6.79,100,873826,B,A
09:34:12.200,600029,6.79,200,873839,B,A
09:34:12.230,600029,6.78,600,873950,B,A
09:34:12.290,600029,6.79,400,873143,B,D
09:34:12.320,600029,6.79,100,874091,B,A
09:34:12.360,600029,6.79,400,873227,B,D
09:34:12.360,600029,6.79,500,873226,B,D
09:34:12.390,600029,6.79,400,873277,B,D
09:34:12.390,600029,6.79,400,873278,B,D
09:34:12.390,600029,6.79,200,874233,B,A
09:34:12.420,600029,6.79,1900,873260,B,D
09:34:12.460,600029,6.79,100,874320,B,A
09:34:12.520,600029,6.79,100,874410,B,A
09:34:12.650,600029,6.79,100,874714,B,A
09:34:13.990,600029,6.89,2500,876575,S,A
09:34:14.280,600029,6.98,8000,877008,S,A
09:34:14.500,600029,6.8,3200,621541,S,D
09:34:14.500,600029,6.8,4900,621529,S,D
09:34:14.500,600029,6.74,3000,580862,B,D
09:34:14.500,600029,6.8,12000,621534,S,D
09:34:14.500,600029,6.74,3000,580757,B,D
09:34:14.520,600029,6.8,13200,621535,S,D
09:34:14.520,600029,6.8,5600,621522,S,D
09:34:14.600,600029,6.74,3000,580812,B,D
09:34:16.480,600029,6.79,400,881189,S,A
09:34:16.610,600029,6.79,4300,881385,B,A
09:34:16.970,600029,6.79,400,881829,B,A
09:34:16.970,600029,6.79,200,881844,B,A
09:34:16.970,600029,6.79,100,881845,B,A
09:34:17.040,600029,6.79,1900,881909,B,A
09:34:17.040,600029,6.79,100,881934,B,A
09:34:17.040,600029,6.79,400,881944,B,A
09:34:17.040,600029,6.79,400,881945,B,A
09:34:17.070,600029,6.79,400,881988,B,A
09:34:17.070,600029,6.6,300,882002,B,A
09:34:17.260,600029,6.89,2000,882257,S,A
09:34:17.520,600029,6.8,2400,528644,S,D
09:34:17.520,600029,6.8,2324,882848,B,A
09:34:17.520,600029,6.79,4300,882849,B,A
09:34:18.980,600029,7.0,3000,885534,S,A
09:34:19.330,600029,7.15,1100,886000,S,A
09:34:19.750,600029,7.48,15000,198518,S,D
09:34:20.430,600029,6.8,1100,887616,B,A
09:34:20.510,600029,6.84,17400,887777,S,A
09:34:20.510,600029,6.81,6900,436910,S,D
09:34:20.510,600029,6.84,15800,887778,S,A
09:34:20.510,600029,6.84,6500,887779,S,A
09:34:20.510,600029,6.84,7400,887798,S,A
09:34:20.540,600029,6.81,300,421563,S,D
09:34:20.570,600029,6.79,4300,882849,B,D
09:34:20.570,600029,6.84,3200,887895,S,A
09:34:20.670,600029,6.8,376,888163,S,A
09:34:20.670,600029,6.8,100,888171,S,A
09:34:20.670,600029,6.8,600,888183,S,A
09:34:20.670,600029,6.8,300,888188,S,A
09:34:20.740,600029,6.8,200,888287,S,A
09:34:20.840,600029,7.48,1000,888464,S,A
09:34:20.870,600029,6.8,1300,888556,S,A
09:34:20.900,600029,6.8,1000,888599,S,A
09:34:21.240,600029,6.8,400,889292,S,A
09:34:21.240,600029,6.8,1400,889293,S,A
09:34:21.240,600029,6.8,300,889310,S,A
09:34:21.240,600029,6.8,700,889311,S,A
09:34:21.240,600029,6.8,800,889312,S,A
09:34:21.270,600029,6.8,500,889330,S,A
09:34:21.360,600029,6.85,500,889457,S,A
09:34:21.890,600029,6.8,400,890343,S,A
09:34:22.680,600029,6.79,1200,891494,B,A
09:34:22.860,600029,7.48,5500,891791,S,A
09:34:23.150,600029,6.6,4000,892168,B,A
09:34:23.350,600029,7.4,20000,892534,S,A
09:34:23.440,600029,6.82,500,407324,S,D
09:34:23.540,600029,6.76,14500,742359,B,D
09:34:23.800,600029,6.78,3400,893561,B,A
09:34:26.090,600029,6.99,10000,896871,S,A
09:34:26.120,600029,6.71,4100,896898,B,A
09:34:26.480,600029,6.72,200,897491,B,A
09:34:26.610,600029,6.79,1000,897793,B,A
09:34:27.030,600029,6.79,100,881934,B,D
09:34:27.220,600029,6.79,100,881845,B,D
09:34:27.220,600029,6.79,200,881844,B,D
09:34:28.030,600029,6.8,100,899991,S,A
09:34:29.040,600029,6.78,5000,901276,B,A
09:34:29.160,600029,7.48,100,901431,S,A
09:34:30.470,600029,6.78,600,873950,B,D
09:34:31.360,600029,6.79,600,905171,B,A
09:34:31.360,600029,7.16,100,905210,S,A
09:34:31.480,600029,7.45,4100,905349,S,A
09:34:32.170,600029,6.5,1500,906267,B,A
09:34:32.230,600029,6.8,1000,906406,S,A
09:34:32.600,600029,6.8,500,907167,S,A
09:34:33.050,600029,7.09,6000,908059,S,A
09:34:33.320,600029,6.79,2100,908507,S,A
09:34:33.380,600029,6.79,100,908570,S,A
09:34:33.440,600029,7.3,200,908656,S,A
09:34:33.580,600029,6.62,500,908877,B,A
09:34:33.790,600029,6.79,100,909122,B,A
09:34:33.790,600029,6.79,100,909123,B,A
09:34:33.790,600029,6.79,100,909124,B,A
09:34:33.790,600029,6.79,100,909125,B,A
09:34:33.790,600029,6.79,100,909127,B,A
09:34:33.790,600029,6.79,100,909128,B,A
09:34:33.790,600029,6.79,100,909129,B,A
09:34:33.790,600029,6.79,200,909130,B,A
09:34:33.790,600029,6.79,200,909134,B,A
09:34:33.790,600029,6.79,100,909144,B,A
09:34:33.790,600029,6.79,200,909156,B,A
09:34:33.790,600029,6.79,100,909165,B,A
09:34:33.790,600029,6.79,200,909166,B,A
09:34:33.820,600029,6.79,500,909191,B,A
09:34:33.880,600029,6.79,100,909265,B,A
09:34:33.880,600029,6.79,100,909266,B,A
09:34:34.030,600029,6.79,100,909463,B,A
09:34:34.030,600029,6.79,100,909464,B,A
09:34:34.030,600029,6.79,100,909465,B,A
09:34:34.080,600029,6.79,100,909519,B,A
09:34:34.120,600029,6.79,100,909547,B,A
09:34:34.190,600029,6.79,100,909557,B,A
09:34:34.190,600029,6.79,100,909567,B,A
09:34:34.190,600029,6.79,100,909577,B,A
09:34:34.190,600029,6.79,100,909626,B,A
09:34:34.190,600029,6.79,100,909632,B,A
09:34:34.190,600029,6.79,100,909640,B,A
09:34:34.190,600029,6.79,100,909641,B,A
09:34:34.190,600029,6.79,100,909642,B,A
09:34:34.190,600029,6.79,100,909643,B,A
09:34:34.190,600029,6.79,100,909644,B,A
09:34:34.190,600029,6.79,100,909645,B,A
09:34:34.190,600029,6.79,100,909681,B,A
09:34:34.190,600029,6.79,200,909682,B,A
09:34:34.190,600029,6.79,100,909683,B,A
09:34:34.240,600029,6.79,100,909692,B,A
09:34:34.380,600029,6.79,100,909817,B,A
09:34:34.550,600029,6.8,3900,910067,S,A
09:34:34.740,600029,7.0,400,910369,S,A
09:34:36.110,600029,6.78,1000,912653,B,A
09:34:36.260,600029,7.0,700,913042,S,A
09:34:37.170,600029,6.79,1600,914205,B,A
09:34:37.400,600029,7.16,30000,914472,S,A
09:34:37.710,600029,7.03,3000,486283,S,D
09:34:37.980,600029,7.08,5000,915217,S,A
09:34:38.300,600029,7.0,800,915650,S,A
09:34:38.490,600029,6.8,300,916043,S,A
09:34:39.290,600029,6.84,600,917452,S,A
09:34:39.670,600029,6.79,1200,917956,B,A
09:34:39.730,600029,6.79,100,909692,B,D
09:34:40.670,600029,7.0,100,919143,S,A
09:34:40.930,600029,6.84,500,919455,S,A
09:34:41.550,600029,7.12,11600,920483,S,A
09:34:41.950,600029,6.77,1400,921154,B,A
09:34:42.090,600029,6.4,200,921395,B,A
09:34:42.320,600029,6.8,200,921868,S,A
09:34:42.380,600029,6.78,5000,921979,B,A
09:34:42.650,600029,6.9,900,135991,S,D
09:34:42.900,600029,6.96,400,922675,S,A
09:34:42.930,600029,7.3,1000,922749,S,A
09:34:43.450,600029,6.79,9600,923373,B,A
09:34:43.960,600029,6.91,300,924084,S,A
09:34:43.990,600029,6.79,1000,924126,B,A
09:34:44.140,600029,7.4,3100,924276,S,A
09:34:44.360,600029,7.16,3000,924841,S,A
09:34:46.730,600029,6.8,1800,928590,S,A
09:34:46.910,600029,6.79,1400,928807,B,A
09:34:47.210,600029,6.79,100,929365,B,A
09:34:47.580,600029,7.0,500,930335,S,A
09:34:47.830,600029,7.02,100,930958,S,A
09:34:48.290,600029,6.8,200,931629,S,A
09:34:48.680,600029,6.78,16100,863170,B,D
09:34:48.850,600029,7.0,2600,932365,S,A
09:34:49.000,600029,7.37,1000,932542,S,A
09:34:49.200,600029,6.78,1000,932746,B,A
09:34:49.650,600029,6.9,900,244330,S,D
09:34:50.480,600029,7.48,800,934343,S,A
09:34:51.180,600029,6.79,200,935649,B,A
09:34:52.310,600029,6.87,6700,937179,S,A
09:34:52.770,600029,6.85,900,937685,S,A
09:34:53.010,600029,6.79,700,938041,B,A
09:34:53.250,600029,6.8,3924,938479,B,A
09:34:53.550,600029,6.8,34076,938988,S,A
09:34:53.550,600029,6.8,23300,938989,S,A
09:34:53.550,600029,6.8,19000,938991,S,A
09:34:53.550,600029,6.8,20600,938992,S,A
09:34:53.550,600029,6.8,25900,938993,S,A
09:34:53.550,600029,6.8,100,939001,S,A
09:34:53.580,600029,6.8,200,939033,S,A
09:34:53.630,600029,6.8,100,939092,S,A
09:34:53.630,600029,6.8,20400,939100,S,A
09:34:53.630,600029,6.8,100,939107,S,A
09:34:54.230,600029,6.8,600,940275,S,A
09:34:54.320,600029,6.81,3000,940405,S,A
09:34:54.380,600029,6.76,1000,940537,B,A
09:34:54.840,600029,6.79,4000,941133,B,A
09:34:54.990,600029,6.87,35000,941328,S,A
09:34:55.260,600029,6.85,2800,941645,S,A
09:34:56.260,600029,7.48,2000,942923,S,A
09:34:56.610,600029,6.8,200,943720,S,A
09:34:56.710,600029,6.79,1100,943912,B,A
09:34:56.820,600029,7.38,500,944173,S,A
09:34:57.190,600029,6.8,400,944987,S,A
09:34:57.280,600029,6.8,3600,945114,S,A
09:34:58.340,600029,7.2,8000,946717,S,A
09:34:58.520,600029,7.16,3000,947044,S,A
09:34:59.910,600029,6.78,1000,948967,B,A
09:35:00.180,600029,6.79,1200,949370,B,A
09:35:01.710,600029,6.79,10000,952530,B,A
09:35:01.830,600029,6.8,300,952808,S,A
09:35:01.830,600029,6.8,500,952809,S,A
09:35:02.320,600029,6.8,300,953674,S,A
09:35:02.890,600029,7.36,2300,954873,S,A
09:35:02.930,600029,6.75,500,955011,B,A
09:35:02.930,600029,6.79,5000,955029,B,A
09:35:03.100,600029,6.79,4500,955363,B,A
09:35:03.330,600029,6.8,24,956034,B,A
09:35:03.330,600029,6.8,100,956038,B,A
09:35:03.330,600029,6.8,100,956039,B,A
09:35:03.390,600029,6.8,8776,956067,S,A
09:35:03.550,600029,6.79,3000,956410,B,A
09:35:03.650,600029,6.79,500,956733,B,A
09:35:03.650,600029,6.79,1300,956734,B,A
09:35:03.680,600029,6.8,6576,956067,S,D
09:35:03.680,600029,6.79,600,956835,B,A
09:35:03.710,600029,6.8,100,956853,B,A
09:35:03.760,600029,6.8,500,956978,B,A
09:35:03.760,600029,6.8,100,956983,B,A
09:35:03.760,600029,6.8,200,956984,B,A
09:35:03.760,600029,6.8,400,956986,B,A
09:35:03.760,600029,6.8,300,956987,B,A
09:35:03.790,600029,6.8,100,956999,B,A
09:35:03.830,600029,6.8,100,957061,B,A
09:35:03.890,600029,6.8,100,957194,B,A
09:35:03.890,600029,6.8,100,957212,B,A
09:35:03.950,600029,6.8,100,957261,B,A
09:35:03.950,600029,6.8,100,957262,B,A
09:35:03.950,600029,6.8,200,957302,B,A
09:35:03.950,600029,6.8,100,957303,B,A
09:35:04.000,600029,6.8,100,957356,B,A
09:35:04.000,600029,6.8,100,957357,B,A
09:35:04.000,600029,6.8,200,957369,B,A
09:35:04.120,600029,6.8,6500,957618,B,A
09:35:04.350,600029,6.8,6900,957993,B,A
09:35:04.670,600029,6.8,200,958392,B,A
09:35:05.120,600029,6.81,400,421550,S,D
09:35:05.190,600029,6.81,92,437045,S,D
09:35:05.400,600029,6.77,800,871521,B,D
09:35:05.490,600029,6.81,3000,940405,S,D
09:35:06.010,600029,6.79,300,928807,B,D
09:35:06.070,600029,7.16,1000,960961,S,A
09:35:06.700,600029,7.03,3000,962070,S,A
09:35:06.820,600029,6.78,3000,962257,B,A
09:35:07.160,600029,6.85,900,962803,S,A
09:35:07.620,600029,6.81,8600,963561,S,A
09:35:07.740,600029,6.6,6200,194766,B,D
09:35:07.930,600029,6.8,1000,964113,B,A
09:35:09.280,600029,6.8,1400,967181,B,A
09:35:09.490,600029,6.9,600,967646,S,A
09:35:10.670,600029,6.72,800,969462,B,A
09:35:11.280,600029,6.8,1400,970291,S,A
09:35:11.280,600029,6.81,600,970351,S,A
09:35:11.280,600029,6.8,900,970385,B,A
09:35:11.280,600029,6.81,8500,970441,S,A
09:35:11.280,600029,6.81,500,970470,S,A
09:35:11.310,600029,6.81,2200,970554,S,A
09:35:11.310,600029,6.81,600,970577,S,A
09:35:11.310,600029,6.81,1000,970578,S,A
09:35:11.310,600029,6.81,1100,970579,S,A
09:35:11.310,600029,6.81,600,970580,S,A
09:35:11.310,600029,6.81,500,970584,S,A
09:35:11.370,600029,6.81,900,970616,S,A
09:35:11.370,600029,6.81,1100,970665,S,A
09:35:11.470,600029,6.81,6900,970942,S,A
09:35:11.620,600029,6.8,300,971225,B,A
09:35:11.620,600029,6.8,300,971245,B,A
09:35:11.620,600029,6.8,400,971273,B,A
09:35:11.620,600029,6.8,300,971304,B,A
09:35:11.620,600029,6.8,400,971305,B,A
09:35:11.800,600029,6.8,300,971225,B,D
09:35:11.830,600029,6.8,300,971245,B,D
09:35:11.890,600029,6.8,400,971273,B,D
09:35:11.890,600029,6.8,300,971304,B,D
09:35:11.890,600029,6.8,400,971305,B,D
09:35:12.060,600029,7.4,1500,972302,S,A
09:35:12.160,600029,7.36,4000,972552,S,A
09:35:13.040,600029,6.8,14400,974607,B,A
09:35:13.290,600029,6.98,5000,974992,S,A
09:35:13.320,600029,6.81,2600,975045,S,A
09:35:14.360,600029,7.48,200,976853,S,A
09:35:14.650,600029,6.8,1000,977450,B,A
09:35:14.770,600029,6.87,400,977743,S,A
09:35:15.540,600029,7.45,25000,979280,S,A
09:35:17.140,600029,6.8,3500,981594,B,A
09:35:17.480,600029,6.81,100,982340,S,A
09:35:17.550,600029,6.78,1000,932746,B,D
09:35:18.220,600029,6.8,400,983923,B,A
09:35:18.250,600029,6.8,100,983963,B,A
09:35:19.410,600029,6.98,5000,974992,S,D
09:35:19.870,600029,7.0,1500,985958,S,A
09:35:20.060,600029,6.8,400,986224,B,A
09:35:20.340,600029,6.8,5000,986725,B,A
09:35:20.370,600029,6.81,10000,986735,S,A
09:35:20.370,600029,6.81,1600,986763,S,A
09:35:21.140,600029,6.8,100,988229,B,A
09:35:21.970,600029,6.8,10000,989630,B,A
09:35:22.930,600029,6.31,1000,990956,B,A
09:35:23.300,600029,6.8,100,991659,B,A
09:35:23.370,600029,6.81,100,991732,S,A
09:35:24.320,600029,6.81,4200,993469,S,A
09:35:24.680,600029,6.8,1400,994251,B,A
09:35:24.940,600029,6.74,1000,347541,B,D
09:35:25.130,600029,6.8,1400,994251,B,D
09:35:25.880,600029,6.8,3300,995944,B,A
09:35:25.950,600029,6.78,500,996068,B,A
09:35:26.700,600029,6.8,2500,997537,B,A
09:35:27.900,600029,6.74,500,1000046,B,A
09:35:28.010,600029,6.8,400,1000230,B,A
09:35:28.260,600029,6.81,1000,1000631,S,A
09:35:28.740,600029,7.06,300,1001302,S,A
09:35:28.940,600029,6.98,20000,1001512,S,A
09:35:30.060,600029,6.8,400,1003560,B,A
09:35:30.400,600029,6.79,5000,955029,B,D
09:35:30.430,600029,7.48,30300,1004271,S,A
09:35:30.900,600029,6.89,3000,1004984,S,A
09:35:31.370,600029,7.1,1000,1005611,S,A
09:35:31.940,600029,6.8,4000,1006300,S,A
09:35:32.480,600029,6.8,100,1007234,S,A
09:35:32.480,600029,6.8,800,1007236,S,A
09:35:32.510,600029,6.8,100,1007253,S,A
09:35:32.510,600029,6.8,100,1007254,S,A
09:35:32.510,600029,6.8,100,1007255,S,A
09:35:32.550,600029,7.02,600,1007317,S,A
09:35:32.550,600029,6.8,100,1007322,S,A
09:35:32.550,600029,6.8,100,1007323,S,A
09:35:32.550,600029,6.8,200,1007324,S,A
09:35:32.550,600029,6.8,100,1007325,S,A
09:35:32.550,600029,6.8,100,1007326,S,A
09:35:32.550,600029,6.8,100,1007327,S,A
09:35:32.550,600029,6.8,100,1007328,S,A
09:35:32.550,600029,6.8,100,1007329,S,A
09:35:32.550,600029,6.8,200,1007330,S,A
09:35:32.550,600029,6.8,300,1007331,S,A
09:35:32.550,600029,6.8,100,1007335,S,A
09:35:32.550,600029,6.8,300,1007336,S,A
09:35:32.610,600029,6.8,200,1007389,S,A
09:35:32.610,600029,6.8,100,1007528,S,A
09:35:32.610,600029,6.8,200,1007529,S,A
09:35:32.610,600029,6.8,200,1007530,S,A
09:35:32.610,600029,6.8,100,1007531,S,A
09:35:32.610,600029,6.8,100,1007532,S,A
09:35:32.700,600029,6.78,1000,948967,B,D
09:35:33.200,600029,7.0,5000,1008515,S,A
09:35:33.200,600029,6.79,100,1008536,B,A
09:35:34.060,600029,6.8,3800,1009920,S,A
09:35:34.490,600029,6.85,500,1010442,S,A
09:35:34.810,600029,6.81,200,1010806,S,A
09:35:34.960,600029,6.81,1100,1010946,S,A
09:35:35.710,600029,6.79,600,956835,B,D
09:35:36.600,600029,6.8,3900,1006300,S,D
09:35:36.780,600029,6.79,1300,956734,B,D
09:35:36.780,600029,6.79,500,956733,B,D
09:35:37.210,600029,6.8,1700,1014557,S,A
09:35:37.270,600029,7.29,500,1014615,S,A
09:35:38.030,600029,6.77,2000,791745,B,D
09:35:38.190,600029,6.8,400,1015529,S,A
09:35:38.380,600029,6.8,1500,1015900,S,A
09:35:38.600,600029,7.1,10000,1016357,S,A
09:35:40.250,600029,6.8,700,1018741,S,A
09:35:40.850,600029,6.79,3700,1019435,B,A
09:35:41.180,600029,6.8,2000,1019854,S,A
09:35:41.180,600029,6.8,400,1015529,S,D
09:35:41.290,600029,6.8,1000,1020113,S,A
09:35:41.320,600029,6.8,3800,1020148,S,A
09:35:41.470,600029,7.0,500,1020488,S,A
09:35:42.170,600029,6.78,2000,1022020,B,A
09:35:42.240,600029,6.8,1700,1022095,S,A
09:35:42.240,600029,6.85,100,1022144,S,A
09:35:43.170,600029,6.8,1200,1023499,S,A
09:35:43.170,600029,7.05,100,1023502,S,A
09:35:43.750,600029,7.0,7000,1024165,S,A
09:35:44.280,600029,6.8,500,1024912,S,A
09:35:44.280,600029,6.8,600,1024927,S,A
09:35:44.280,600029,6.8,500,1024928,S,A
09:35:44.280,600029,6.8,700,1024968,S,A
09:35:44.280,600029,6.8,800,1024984,S,A
09:35:44.280,600029,6.81,2200,970554,S,D
09:35:44.280,600029,6.8,500,1024988,S,A
09:35:44.280,600029,6.8,600,1024989,S,A
09:35:44.280,600029,6.8,300,1025002,S,A
09:35:44.310,600029,6.8,600,1025010,S,A
09:35:44.310,600029,6.8,1000,1025019,S,A
09:35:44.310,600029,6.8,600,1025020,S,A
09:35:44.340,600029,6.8,500,1025062,S,A
09:35:44.340,600029,6.8,1100,1025086,S,A
09:35:44.340,600029,6.81,8500,970441,S,D
09:35:44.340,600029,6.8,2700,1025107,S,A
09:35:44.540,600029,6.8,3700,1025474,S,A
09:35:44.540,600029,6.8,600,1025477,S,A
09:35:44.600,600029,6.8,8500,1025670,S,A
09:35:45.680,600029,6.79,2000,1027489,B,A
09:35:46.060,600029,6.98,1700,1027921,S,A
09:35:47.120,600029,6.78,600,1029136,B,A
09:35:47.310,600029,6.81,100,982340,S,D
09:35:47.310,600029,6.78,6800,1029482,B,A
09:35:49.910,600029,6.85,200,1033385,S,A
09:35:50.750,600029,6.8,100,1034908,S,A
09:35:51.300,600029,7.0,500,1035837,S,A
09:35:52.500,600029,7.3,400,1037333,S,A
09:35:52.710,600029,6.79,10000,1037589,B,A
09:35:53.050,600029,6.8,1000,1037977,S,A
09:35:53.520,600029,6.8,75,1038684,S,A
09:35:53.740,600029,7.26,500,1039141,S,A
09:35:53.890,600029,6.79,1200,1039400,B,A
09:35:54.040,600029,6.77,400,1039594,B,A
09:35:54.820,600029,7.48,6000,1041004,S,A
09:35:55.150,600029,7.28,1000,1041411,S,A
09:35:55.780,600029,6.3,500,1042079,B,A
09:35:56.520,600029,7.48,5000,1043168,S,A
09:35:56.550,600029,6.93,800,289512,S,D
09:35:57.010,600029,7.18,2700,1044115,S,A
09:35:58.170,600029,6.82,7000,1045807,S,A
09:35:58.250,600029,6.8,300,1045845,S,A
09:35:58.500,600029,6.95,4000,1046258,S,A
09:35:59.480,600029,6.79,5000,1047641,B,A
09:35:59.550,600029,6.79,2000,1047727,B,A
09:35:59.640,600029,7.02,42500,1047931,S,A
09:35:59.710,600029,6.79,6900,1048065,B,A
09:35:59.830,600029,6.8,200,1048357,S,A
09:36:00.330,600029,6.79,1300,1049351,B,A
09:36:00.720,600029,6.79,1100,1050107,B,A
09:36:00.870,600029,7.05,5000,1050379,S,A
09:36:01.050,600029,6.79,400,1050789,B,A
09:36:01.300,600029,6.82,100,1051136,S,A
09:36:02.240,600029,7.0,100,1052944,S,A
09:36:02.400,600029,6.79,100,1053329,B,A
09:36:02.550,600029,6.76,700,835444,B,D
09:36:02.650,600029,6.8,1000,1053849,S,A
09:36:02.740,600029,7.2,700,1054137,S,A
09:36:03.980,600029,6.8,400,1056638,S,A
09:36:04.310,600029,7.48,5000,1057051,S,A
09:36:04.720,600029,6.8,300,1057630,S,A
09:36:04.900,600029,6.8,100,1057898,S,A
09:36:04.930,600029,6.8,800,1057918,S,A
09:36:05.330,600029,6.91,100,1058498,S,A
09:36:05.400,600029,6.81,100,991732,S,D
09:36:05.600,600029,7.1,500,1058953,S,A
09:36:07.890,600029,6.96,6000,1062938,S,A
09:36:08.250,600029,6.79,1300,1049351,B,D
09:36:08.320,600029,6.8,100,1063888,S,A
09:36:08.590,600029,6.77,1500,1064585,B,A
09:36:08.590,600029,6.79,1200,1064666,B,A
09:36:08.720,600029,6.85,200,1065066,S,A
09:36:09.030,600029,6.79,40000,1065888,B,A
09:36:09.700,600029,6.89,100,1067393,S,A
09:36:10.140,600029,6.79,400,1068042,B,A
09:36:10.730,600029,6.85,3500,1069172,S,A
09:36:11.480,600029,6.8,5000,1070587,S,A
09:36:11.510,600029,6.79,100,1070714,B,A
09:36:11.740,600029,7.4,4000,1071272,S,A
09:36:12.240,600029,6.81,5600,963561,S,D
09:36:15.050,600029,6.79,100,1077942,B,A
09:36:15.430,600029,6.98,1000,1078915,S,A
09:36:15.920,600029,6.8,900,1079671,S,A
09:36:16.980,600029,6.79,4000,1081064,B,A
09:36:17.530,600029,6.78,5000,921979,B,D
09:36:17.800,600029,6.78,6800,1029482,B,D
09:36:18.070,600029,7.48,300,1083210,S,A
09:36:19.740,600029,6.79,1300,1085540,B,A
09:36:20.340,600029,7.0,200,1086374,S,A
09:36:20.400,600029,6.8,100,1034908,S,D
09:36:20.430,600029,6.85,900,937685,S,D
09:36:20.810,600029,7.33,3000,1087328,S,A
09:36:21.050,600029,6.79,400,1087948,B,A
09:36:21.250,600029,6.76,5000,1088406,B,A
09:36:21.770,600029,6.8,200,1089361,S,A
09:36:21.830,600029,6.25,5000,1089423,B,A
09:36:22.340,600029,6.79,1300,1085540,B,D
09:36:22.770,600029,6.8,1700,1022095,S,D
09:36:22.890,600029,6.6,4100,1091084,B,A
09:36:23.400,600029,6.79,800,1091995,S,A
09:36:23.400,600029,6.79,1500,1092030,S,A
09:36:23.400,600029,6.79,3400,1092031,S,A
09:36:23.470,600029,6.85,2000,1092061,S,A
09:36:23.470,600029,6.79,600,1092130,S,A
09:36:23.470,600029,6.79,1600,1092132,S,A
09:36:23.560,600029,6.79,3600,1092482,S,A
09:36:23.590,600029,6.79,100,1092537,S,A
09:36:23.590,600029,6.78,4900,1092540,B,A
09:36:23.590,600029,6.79,100,1092541,S,A
09:36:23.590,600029,6.79,100,1092544,S,A
09:36:23.630,600029,6.79,100,1092593,S,A
09:36:23.630,600029,6.79,200,1092594,S,A
09:36:23.630,600029,6.79,500,1092623,S,A
09:36:23.630,600029,6.79,200,1092624,S,A
09:36:23.630,600029,6.79,300,1092625,S,A
09:36:23.630,600029,6.8,100,1092663,S,A
09:36:23.630,600029,6.79,200,1092672,S,A
09:36:23.630,600029,6.79,3600,1092683,S,A
09:36:23.630,600029,6.79,300,1092688,S,A
09:36:23.630,600029,6.79,200,1092689,S,A
09:36:23.630,600029,6.79,400,1092694,S,A
09:36:23.630,600029,6.79,100,1092695,S,A
09:36:23.630,600029,6.79,300,1092696,S,A
09:36:23.660,600029,6.79,100,1092699,S,A
09:36:23.660,600029,6.79,100,1092700,S,A
09:36:23.660,600029,6.79,100,1092716,S,A
09:36:23.660,600029,6.79,100,1092717,S,A
09:36:23.690,600029,6.7,100,1092756,B,A
09:36:23.720,600029,6.79,200,1092810,S,A
09:36:23.720,600029,6.79,100,1092838,S,A
09:36:23.760,600029,6.79,100,1092865,S,A
09:36:23.760,600029,6.79,100,1092866,S,A
09:36:23.760,600029,6.79,100,1092919,S,A
09:36:23.760,600029,6.79,100,1092920,S,A
09:36:23.760,600029,6.79,100,1092921,S,A
09:36:23.760,600029,6.79,200,1092935,S,A
09:36:23.790,600029,6.79,100,1092980,S,A
09:36:23.790,600029,6.79,200,1092985,S,A
09:36:23.790,600029,6.79,2600,1092997,S,A
09:36:23.790,600029,6.79,100,1092998,S,A
09:36:23.810,600029,6.79,100,1093014,S,A
09:36:23.850,600029,6.79,100,1093051,S,A
09:36:23.850,600029,6.79,200,1093052,S,A
09:36:23.850,600029,6.79,100,1093053,S,A
09:36:23.900,600029,6.78,4000,1093173,B,A
09:36:24.240,600029,7.48,1000,1093924,S,A
09:36:24.300,600029,6.79,100,1092998,S,D
09:36:24.420,600029,6.79,3600,1092683,S,D
09:36:24.570,600029,6.79,3600,1092482,S,D
09:36:26.160,600029,6.84,3200,887895,S,D
09:36:26.160,600029,6.84,17400,887777,S,D
09:36:26.160,600029,6.84,6500,887779,S,D
09:36:26.160,600029,6.84,15800,887778,S,D
09:36:26.180,600029,6.84,7400,887798,S,D
09:36:26.250,600029,6.79,10400,1096578,S,A
09:36:26.280,600029,6.79,3200,1096647,S,A
09:36:26.400,600029,6.98,2000,1096958,S,A
09:36:26.530,600029,6.8,500,1097173,S,A
09:36:27.980,600029,6.8,5000,1099613,S,A
09:36:28.520,600029,6.8,900,1100242,S,A
09:36:29.250,600029,6.79,600,1101085,S,A
09:36:29.300,600029,6.79,600,1101202,S,A
09:36:29.450,600029,6.79,5100,1101460,S,A
09:36:29.520,600029,6.8,900,1079671,S,D
09:36:29.910,600029,6.79,10400,1096578,S,D
09:36:30.180,600029,6.8,300,1057630,S,D
09:36:30.270,600029,6.8,200,1048357,S,D
09:36:31.180,600029,6.79,300,1104147,S,A
09:36:31.360,600029,6.79,200,1104261,S,A
09:36:31.790,600029,6.98,700,1104771,S,A
09:36:32.020,600029,6.78,300,1105092,B,A
09:36:32.020,600029,6.8,1600,1105098,S,A
09:36:32.250,600029,6.79,2800,1105412,S,A
09:36:32.280,600029,6.8,3700,1025474,S,D
09:36:32.310,600029,6.8,8500,1025670,S,D
09:36:32.310,600029,6.8,600,1025477,S,D
09:36:32.360,600029,6.81,900,970616,S,D
09:36:32.360,600029,6.81,1100,970665,S,D
09:36:32.520,600029,6.79,800,1105984,S,A
09:36:32.520,600029,6.79,500,1105990,S,A
09:36:32.560,600029,6.79,100,1106031,S,A
09:36:32.560,600029,6.79,600,1106109,S,A
09:36:32.590,600029,6.79,3700,1106135,S,A
09:36:32.590,600029,6.79,800,1106176,S,A
09:36:32.590,600029,6.79,3300,1106222,S,A
09:36:32.590,600029,6.79,600,1106225,S,A
09:36:32.620,600029,6.79,700,1106237,S,A
09:36:32.620,600029,6.79,1100,1106249,S,A
09:36:32.650,600029,6.9,16000,180974,S,D
09:36:32.650,600029,6.79,500,1106361,S,A
09:36:33.620,600029,6.82,1000,1108013,S,A
09:36:33.650,600029,6.79,200,1092810,S,D
09:36:33.710,600029,6.79,1600,1108136,S,A
09:36:33.770,600029,6.96,2000,1108268,S,A
09:36:33.770,600029,6.79,100,1093051,S,D
09:36:33.770,600029,6.79,200,1093052,S,D
09:36:33.770,600029,6.79,100,1093053,S,D
09:36:33.800,600029,6.79,200,1092672,S,D
09:36:33.800,600029,6.79,100,1092717,S,D
09:36:33.800,600029,6.79,100,1092716,S,D
09:36:33.830,600029,6.79,300,1092688,S,D
09:36:33.830,600029,6.79,200,1092689,S,D
09:36:33.860,600029,6.79,400,1092694,S,D
09:36:33.860,600029,6.79,100,1092695,S,D
09:36:33.860,600029,6.79,300,1092696,S,D
09:36:33.880,600029,6.79,200,1092624,S,D
09:36:33.880,600029,6.79,300,1092625,S,D
09:36:33.880,600029,6.79,500,1092623,S,D
09:36:33.880,600029,6.79,100,1092544,S,D
09:36:33.940,600029,6.79,100,1092980,S,D
09:36:33.940,600029,6.79,100,1092919,S,D
09:36:33.940,600029,6.79,100,1092920,S,D
09:36:33.940,600029,6.79,100,1092921,S,D
09:36:33.940,600029,6.79,100,1092838,S,D
09:36:33.940,600029,6.79,200,1092985,S,D
09:36:33.940,600029,6.79,200,1092935,S,D
09:36:33.940,600029,6.79,100,1092866,S,D
09:36:33.940,600029,6.79,100,1092865,S,D
09:36:34.010,600029,6.79,100,1093014,S,D
09:36:34.180,600029,6.79,100,1092699,S,D
09:36:34.180,600029,6.79,100,1092700,S,D
09:36:34.180,600029,6.79,200,1092594,S,D
09:36:34.180,600029,6.79,100,1092593,S,D
09:36:34.380,600029,7.46,2000,1108993,S,A
09:36:34.610,600029,6.78,1100,1109251,B,A
09:36:34.960,600029,6.12,1000,1109672,B,A
09:36:35.080,600029,6.9,2000,1109840,S,A
09:36:35.310,600029,6.89,200,1110243,S,A
09:36:35.890,600029,6.84,600,917452,S,D
09:36:36.180,600029,6.79,2000,1111779,S,A
09:36:36.940,600029,6.98,2300,1112865,S,A
09:36:38.880,600029,6.98,184210,1115604,S,A
09:36:39.450,600029,6.78,1000,912653,B,D
09:36:39.760,600029,6.78,1500,1116801,B,A
09:36:41.150,600029,7.0,2200,1118442,S,A
09:36:41.270,600029,6.79,600,1118593,S,A
09:36:41.270,600029,6.79,500,1118606,S,A
09:36:41.270,600029,6.79,600,1118670,S,A
09:36:41.300,600029,6.7,12000,1118675,B,A
09:36:41.300,600029,6.79,200,1118681,S,A
09:36:41.300,600029,6.79,700,1118695,S,A
09:36:41.340,600029,6.79,500,1118716,S,A
09:36:41.340,600029,6.79,500,1118719,S,A
09:36:41.340,600029,6.79,600,1118745,S,A
09:36:41.340,600029,6.79,700,1118752,S,A
09:36:41.340,600029,6.79,600,1118753,S,A
09:36:41.340,600029,6.79,500,1118757,S,A
09:36:41.340,600029,6.79,500,1118763,S,A
09:36:41.340,600029,6.79,800,1118828,S,A
09:36:41.470,600029,6.79,100,1119023,S,A
09:36:41.950,600029,6.78,400,1119989,B,A
09:36:42.010,600029,6.78,100,1120097,B,A
09:36:43.070,600029,6.83,200,1121479,S,A
09:36:43.070,600029,6.78,9000,1121482,B,A
09:36:44.300,600029,7.48,500,1122968,S,A
09:36:45.740,600029,6.78,600,1125167,B,A
09:36:45.830,600029,7.39,3000,1125245,S,A
09:36:45.890,600029,7.3,1700,1125298,S,A
09:36:46.660,600029,6.78,500,1126195,B,A
09:36:46.840,600029,7.09,100000,1126391,S,A
09:36:48.210,600029,6.79,5000,1128659,S,A
09:36:48.410,600029,7.39,400,1128946,S,A
09:36:48.810,600029,7.0,400,1129446,S,A
09:36:49.310,600029,6.78,1200,1130012,B,A
09:36:49.990,600029,6.75,100,1130719,B,A
09:36:50.160,600029,6.79,300,1130933,S,A
09:36:50.540,600029,6.5,100,1131588,B,A
09:36:50.750,600029,6.8,100,1063888,S,D
09:36:53.380,600029,7.1,2000,1135288,S,A
09:36:53.740,600029,6.79,1700,1135941,S,A
09:36:54.100,600029,6.78,200,1136582,B,A
09:36:54.130,600029,6.79,100,1136603,S,A
09:36:54.130,600029,6.8,100,1092663,S,D
09:36:55.600,600029,6.84,700,456752,S,D
09:36:55.750,600029,6.78,900,1138602,B,A
09:36:58.070,600029,6.79,200,1141816,S,A
09:36:58.900,600029,6.95,400,343455,S,D
09:36:59.080,600029,6.78,300,1143078,B,A
09:36:59.230,600029,6.6,4000,1143297,B,A
09:36:59.470,600029,6.95,1000,1143775,S,A
09:37:00.400,600029,6.72,200,897491,B,D
09:37:00.580,600029,7.48,600,1145420,S,A
09:37:00.870,600029,7.26,1300,1145881,S,A
09:37:00.900,600029,6.78,2500,1145911,B,A
09:37:01.560,600029,6.78,4200,1146743,B,A
09:37:01.680,600029,6.81,700,1146882,S,A
09:37:02.010,600029,6.96,500,1147209,S,A
09:37:02.310,600029,6.8,400,1056638,S,D
09:37:02.560,600029,6.78,6700,1147979,B,A
09:37:02.920,600029,6.8,100,1057898,S,D
09:37:02.980,600029,6.9,500,342391,S,D
09:37:04.710,600029,7.05,600,1151206,S,A
09:37:08.020,600029,6.7,1000,1155997,B,A
09:37:08.590,600029,6.99,1000,1156908,S,A
09:37:09.180,600029,7.2,1000,184782,S,D
09:37:11.020,600029,6.85,100,1022144,S,D
09:37:11.980,600029,6.79,800,1161721,S,A
09:37:12.040,600029,6.78,100,1161821,B,A
09:37:13.490,600029,6.79,200,1163805,S,A
09:37:14.130,600029,7.2,1000,1164498,S,A
09:37:16.010,600029,6.78,1200,1167264,B,A
09:37:16.490,600029,6.78,1000,1167856,B,A
09:37:17.650,600029,6.85,200,1169765,S,A
09:37:18.220,600029,6.79,100,1119023,S,D
09:37:18.840,600029,6.79,100,1171603,S,A
09:37:18.910,600029,6.99,2500,291271,S,D
09:37:20.260,600029,7.48,800,1173280,S,A
09:37:20.510,600029,6.78,100,1173720,B,A
09:37:21.780,600029,6.77,800,779415,B,D
09:37:22.010,600029,6.8,200,1089361,S,D
09:37:22.160,600029,6.81,3000,1176140,S,A
09:37:22.450,600029,7.48,1000,1176506,S,A
09:37:22.630,600029,7.48,1400,1176729,S,A
09:37:23.160,600029,6.78,3600,1177269,S,A
09:37:23.560,600029,6.77,100,1177870,B,A
09:37:23.560,600029,6.77,400,1177888,B,A
09:37:23.560,600029,6.77,200,1177896,B,A
09:37:23.560,600029,6.77,800,1177897,B,A
09:37:23.560,600029,6.77,700,1177898,B,A
09:37:23.560,600029,6.77,700,1177899,B,A
09:37:23.560,600029,6.77,100,1177900,B,A
09:37:23.560,600029,6.77,700,1177937,B,A
09:37:23.930,600029,6.77,1300,1178554,B,A
09:37:23.930,600029,6.77,600,1178555,B,A
09:37:23.930,600029,6.77,100,1178563,B,A
09:37:23.930,600029,6.77,700,1178564,B,A
09:37:23.950,600029,6.77,200,1178618,B,A
09:37:23.950,600029,6.77,2400,1178630,B,A
09:37:24.640,600029,6.77,1400,921154,B,D
09:37:24.750,600029,6.77,1500,1179885,B,A
09:37:24.980,600029,6.78,2200,1180190,S,A
09:37:25.730,600029,6.7,3000,1180959,B,A
09:37:26.410,600029,6.78,1400,1181760,S,A
09:37:26.410,600029,6.81,1600,986763,S,D
09:37:26.600,600029,6.77,100,1182048,B,A
09:37:26.600,600029,6.77,100,1182050,B,A
09:37:26.600,600029,6.78,6600,1182062,B,A
09:37:26.600,600029,6.77,2300,1182107,B,A
09:37:26.690,600029,6.78,1000,1182179,B,A
09:37:26.780,600029,6.77,100,1177870,B,D
09:37:27.000,600029,6.77,700,1177898,B,D
09:37:27.020,600029,6.77,800,1177897,B,D
09:37:27.020,600029,6.77,100,1177900,B,D
09:37:27.180,600029,7.2,20000,1182940,S,A
09:37:27.210,600029,6.77,400,1177888,B,D
09:37:27.240,600029,6.77,700,1177899,B,D
09:37:27.330,600029,6.78,100,1183120,B,A
09:37:27.330,600029,6.78,200,1183124,B,A
09:37:27.330,600029,6.78,200,1183125,B,A
09:37:27.330,600029,6.78,100,1183126,B,A
09:37:27.360,600029,6.78,300,1183165,B,A
09:37:27.360,600029,6.78,500,1183175,B,A
09:37:27.390,600029,6.77,200,1177896,B,D
09:37:27.480,600029,6.78,100,1183301,B,A
09:37:27.480,600029,6.78,100,1183333,B,A
09:37:27.540,600029,6.78,300,1183397,B,A
09:37:27.540,600029,6.78,300,1183399,B,A
09:37:27.540,600029,6.78,100,1183423,B,A
09:37:27.570,600029,6.8,800,1057918,S,D
09:37:27.570,600029,6.77,200,1183448,B,A
09:37:27.570,600029,6.78,400,1183473,B,A
09:37:27.590,600029,6.78,400,1183492,B,A
09:37:27.680,600029,6.78,200,1183621,B,A
09:37:27.740,600029,6.78,200,1183668,B,A
09:37:27.760,600029,6.78,200,1183721,B,A
09:37:27.950,600029,6.78,300,1184018,B,A
09:37:28.100,600029,6.77,100,1178563,B,D
09:37:28.190,600029,6.78,8500,1184353,S,A
09:37:28.210,600029,6.77,1300,1178554,B,D
09:37:28.550,600029,6.77,100,1184752,B,A
09:37:29.380,600029,6.8,900,1015900,S,D
09:37:29.380,600029,6.8,75,1038684,S,D
09:37:29.470,600029,6.78,900,1185935,B,A
09:37:29.500,600029,6.78,100,1186004,B,A
09:37:29.560,600029,6.78,100,1186050,B,A
09:37:29.560,600029,6.78,200,1186051,B,A
09:37:29.560,600029,6.78,200,1186058,B,A
09:37:29.560,600029,6.78,100,1186075,B,A
09:37:29.560,600029,6.78,200,1186144,B,A
09:37:29.590,600029,6.78,100,1186156,B,A
09:37:29.590,600029,6.78,100,1186157,B,A
09:37:29.620,600029,6.78,100,1186176,B,A
09:37:29.620,600029,6.78,3100,1186225,B,A
09:37:29.740,600029,6.78,100,1186611,B,A
09:37:29.740,600029,6.78,100,1186612,B,A
09:37:29.740,600029,6.78,100,1186613,B,A
09:37:29.740,600029,6.78,100,1186614,B,A
09:37:29.740,600029,6.78,100,1186615,B,A
09:37:29.740,600029,6.78,100,1186616,B,A
09:37:29.740,600029,6.78,100,1186617,B,A
09:37:29.770,600029,6.78,100,1186634,B,A
09:37:29.770,600029,6.78,200,1186650,B,A
09:37:29.770,600029,6.78,100,1186651,B,A
09:37:29.800,600029,6.78,100,1186667,B,A
09:37:29.800,600029,6.78,100,1186668,B,A
09:37:29.800,600029,6.78,100,1186676,B,A
09:37:29.800,600029,6.78,100,1186687,B,A
09:37:29.800,600029,6.78,100,1186688,B,A
09:37:29.800,600029,6.78,900,1186696,B,A
09:37:29.800,600029,6.78,200,1186699,B,A
09:37:29.800,600029,6.78,100,1186717,B,A
09:37:29.800,600029,6.78,300,1186718,B,A
09:37:29.800,600029,6.78,100,1186719,B,A
09:37:29.800,600029,6.78,200,1186720,B,A
09:37:29.800,600029,6.78,100,1186721,B,A
09:37:29.800,600029,6.78,600,1186741,B,A
09:37:29.800,600029,6.78,1000,1186768,B,A
09:37:29.830,600029,6.78,100,1186796,B,A
09:37:29.860,600029,6.78,900,1186849,B,A
09:37:29.860,600029,6.78,1100,1186854,B,A
09:37:29.860,600029,6.78,1000,1186855,B,A
09:37:29.860,600029,6.78,1100,1186879,B,A
09:37:29.890,600029,6.78,600,1186919,B,A
09:37:29.920,600029,6.77,700,1178564,B,D
09:37:29.970,600029,6.78,600,1186741,B,D
09:37:30.000,600029,6.78,1000,1186768,B,D
09:37:30.000,600029,6.78,200,1186699,B,D
09:37:30.000,600029,6.78,900,1186696,B,D
09:37:30.120,600029,6.78,600,1186919,B,D
09:37:30.120,600029,6.78,1100,1186879,B,D
09:37:30.120,600029,6.78,900,1186849,B,D
09:37:30.180,600029,6.77,100,1184752,B,D
09:37:30.180,600029,6.78,1000,1186855,B,D
09:37:30.180,600029,6.78,1100,1186854,B,D
09:37:30.420,600029,7.2,2000,1187804,S,A
09:37:30.420,600029,6.78,200,1187823,B,A
09:37:31.120,600029,6.77,1100,1188671,B,A
09:37:31.350,600029,6.78,100,1188952,B,A
09:37:31.350,600029,6.78,400,1188953,B,A
09:37:31.350,600029,6.78,400,1188954,B,A
09:37:31.350,600029,6.78,400,1188955,B,A
09:37:31.350,600029,6.78,300,1188956,B,A
09:37:31.410,600029,6.78,200,1189001,B,A
09:37:31.460,600029,6.78,400,1189112,B,A
09:37:31.460,600029,6.78,400,1189113,B,A
09:37:31.460,600029,6.78,500,1189114,B,A
09:37:31.460,600029,6.78,400,1189115,B,A
09:37:31.460,600029,6.78,700,1189116,B,A
09:37:31.550,600029,6.78,300,1189207,B,A
09:37:31.550,600029,6.78,200,1189208,B,A
09:37:31.550,600029,6.78,100,1189224,B,A
09:37:31.580,600029,6.78,300,1189235,B,A
09:37:31.580,600029,6.78,600,1189268,B,A
09:37:31.640,600029,6.78,600,1189288,B,A
09:37:31.640,600029,6.78,100,1189301,B,A
09:37:31.640,600029,6.78,700,1189305,B,A
09:37:31.770,600029,6.78,100,1189502,B,A
09:37:31.840,600029,6.78,500,1189546,B,A
09:37:31.840,600029,6.78,200,1189565,B,A
09:37:31.840,600029,6.78,1000,1189622,B,A
09:37:32.200,600029,6.78,200,1190032,B,A
09:37:33.450,600029,6.77,700,1177937,B,D
09:37:33.830,600029,6.9,10000,1192349,S,A
09:37:33.970,600029,6.78,700,1192500,B,A
09:37:33.970,600029,6.78,300,1192501,B,A
09:37:34.820,600029,6.78,1100,1193372,B,A
09:37:35.570,600029,6.79,100,1136603,S,D
09:37:35.570,600029,6.77,100,1182048,B,D
09:37:35.570,600029,6.77,100,1182050,B,D
09:37:35.890,600029,6.93,500,1194992,S,A
09:37:36.100,600029,6.85,300,1195317,S,A
09:37:37.370,600029,6.78,1000,1196999,B,A
09:37:38.130,600029,7.3,5000,1197828,S,A
09:37:39.220,600029,6.68,1000,1199713,B,A
09:37:39.620,600029,6.79,600,1200292,S,A
09:37:39.780,600029,6.78,100,1186796,B,D
09:37:39.870,600029,6.78,100,1186634,B,D
09:37:39.900,600029,6.78,100,1186614,B,D
09:37:39.900,600029,6.78,100,1186612,B,D
09:37:39.900,600029,6.78,100,1186615,B,D
09:37:39.900,600029,6.78,100,1186613,B,D
09:37:39.950,600029,6.78,100,1186617,B,D
09:37:39.950,600029,6.78,100,1186616,B,D
09:37:39.950,600029,6.78,100,1186687,B,D
09:37:39.980,600029,6.78,100,1186688,B,D
09:37:39.980,600029,6.78,200,1186650,B,D
09:37:39.980,600029,6.78,100,1186651,B,D
09:37:40.040,600029,6.78,100,1186668,B,D
09:37:40.040,600029,6.78,100,1186667,B,D
09:37:40.040,600029,6.78,100,1186676,B,D
09:37:40.040,600029,6.78,100,1186717,B,D
09:37:40.040,600029,6.78,300,1186718,B,D
09:37:40.040,600029,6.78,200,1186720,B,D
09:37:40.040,600029,6.78,100,1186721,B,D
09:37:40.040,600029,6.78,100,1186719,B,D
09:37:40.210,600029,7.15,1000,1200923,S,A
09:37:41.700,600029,6.9,1000,1202997,S,A
09:37:42.120,600029,7.28,3000,1203651,S,A
09:37:42.150,600029,6.82,2500,1203718,S,A
09:37:42.210,600029,6.78,1000,1189622,B,D
09:37:42.550,600029,7.05,200,1204279,S,A
09:37:43.110,600029,6.8,100,1204855,S,A
09:37:43.560,600029,7.48,1000,1205336,S,A
09:37:44.510,600029,6.78,900,1206470,B,A
09:37:44.750,600029,7.48,3000,1206933,S,A
09:37:45.200,600029,6.78,500,1207666,B,A
09:37:45.770,600029,7.18,1600,1208416,S,A
09:37:46.210,600029,6.8,900,1100242,S,D
09:37:46.700,600029,6.78,4700,1209512,B,A
09:37:47.210,600029,7.0,600,1210190,S,A
09:37:47.590,600029,6.98,200,1210931,S,A
09:37:47.990,600029,6.78,1300,1211730,B,A
09:37:48.240,600029,7.0,1000,1212085,S,A
09:37:49.350,600029,6.76,1500,1213392,B,A
09:37:49.820,600029,6.79,1200,1213929,S,A
09:37:50.280,600029,6.79,3800,1214408,S,A
09:37:50.490,600029,6.79,2000,1111779,S,D
09:37:50.550,600029,6.88,5000,1214769,S,A
09:37:50.860,600029,6.78,1400,1215370,B,A
09:37:51.770,600029,6.81,800,1216720,S,A
09:37:53.460,600029,7.1,3300,1218846,S,A
09:37:53.770,600029,6.72,4000,1219289,B,A
09:37:53.880,600029,6.78,400,1219501,B,A
09:37:54.000,600029,6.9,6000,249871,S,D
09:37:54.190,600029,6.78,500,1219873,B,A
09:37:54.390,600029,6.81,1300,1220211,S,A
09:37:55.160,600029,6.78,400,1221109,B,A
09:37:55.700,600029,6.83,200,1221681,S,A
09:37:56.250,600029,6.79,800,1105984,S,D
09:37:56.250,600029,6.79,100,1106031,S,D
09:37:56.250,600029,6.79,500,1105990,S,D
09:37:56.250,600029,6.79,600,1118593,S,D
09:37:56.250,600029,6.79,500,1118757,S,D
09:37:56.250,600029,6.79,500,1118606,S,D
09:37:56.250,600029,6.79,600,1118745,S,D
09:37:56.280,600029,6.79,1100,1106249,S,D
09:37:56.280,600029,6.79,500,1118716,S,D
09:37:56.280,600029,6.79,3700,1106135,S,D
09:37:56.280,600029,6.79,600,1106109,S,D
09:37:56.280,600029,6.79,600,1118753,S,D
09:37:56.280,600029,6.79,700,1118752,S,D
09:37:56.320,600029,6.79,500,1118763,S,D
09:37:56.320,600029,6.79,800,1106176,S,D
09:37:56.320,600029,6.79,200,1118681,S,D
09:37:56.320,600029,6.79,600,1118670,S,D
09:37:56.320,600029,6.79,700,1106237,S,D
09:37:56.320,600029,6.79,600,1106225,S,D
09:37:56.320,600029,6.79,3300,1106222,S,D
09:37:56.340,600029,6.79,700,1118695,S,D
09:37:56.370,600029,6.79,500,1118719,S,D
09:37:56.370,600029,6.79,800,1118828,S,D
09:37:56.370,600029,6.79,500,1106361,S,D
09:37:56.400,600029,6.79,1800,1101460,S,D
09:37:56.620,600029,6.78,200,1222890,B,A
09:37:58.160,600029,6.82,700,1225220,S,A
09:37:58.230,600029,6.85,3000,1225295,S,A
09:37:58.330,600029,6.78,1000,1225422,B,A
09:37:58.550,600029,6.78,1000,1225422,B,D
09:37:58.800,600029,6.78,1000,1225908,B,A
09:37:58.960,600029,6.79,1000,1226082,S,A
09:37:59.280,600029,6.97,500,1226399,S,A
09:37:59.510,600029,7.3,2200,1226801,S,A
09:37:59.510,600029,6.78,100,1225908,B,D
09:37:59.900,600029,6.78,6400,1227442,S,A
09:37:59.930,600029,7.15,500,1227554,S,A
09:38:00.360,600029,6.71,1000,1228257,B,A
09:38:00.620,600029,6.78,100,1228587,B,A
09:38:00.620,600029,6.78,100,1228588,B,A
09:38:00.680,600029,6.78,100,1228610,B,A
09:38:00.680,600029,6.78,100,1228620,B,A
09:38:00.680,600029,6.78,100,1228621,B,A
09:38:00.710,600029,6.78,300,1228666,B,A
09:38:00.710,600029,6.78,100,1228674,B,A
09:38:00.710,600029,6.78,100,1228675,B,A
09:38:00.940,600029,6.78,1200,1228980,B,A
09:38:00.960,600029,6.78,1000,1228998,B,A
09:38:00.960,600029,6.78,900,1229022,B,A
09:38:00.990,600029,6.78,900,1229050,B,A
09:38:00.990,600029,6.78,800,1229055,B,A
09:38:00.990,600029,6.78,200,1229062,S,A
09:38:00.990,600029,6.78,1100,1229064,B,A
09:38:01.020,600029,6.78,1300,1229084,B,A
09:38:01.020,600029,6.78,1200,1229123,B,A
09:38:01.020,600029,6.78,1400,1229126,B,A
09:38:01.020,600029,6.78,1300,1229127,B,A
09:38:01.050,600029,6.78,1400,1229134,B,A
09:38:01.120,600029,6.78,1300,1229211,B,A
09:38:01.330,600029,6.78,1400,1229500,B,A
09:38:01.350,600029,6.78,1400,1229134,B,D
09:38:01.350,600029,6.78,1200,1229123,B,D
09:38:01.350,600029,6.78,1100,1229064,B,D
09:38:01.350,600029,6.78,1300,1229084,B,D
09:38:01.440,600029,6.78,100,1229579,B,A
09:38:01.440,600029,6.78,1300,1229127,B,D
09:38:01.440,600029,6.78,1400,1229126,B,D
09:38:01.560,600029,6.78,100,1229776,S,A
09:38:01.830,600029,6.99,10000,1230072,S,A
09:38:01.830,600029,6.78,1100,1230106,B,A
09:38:02.000,600029,6.78,100,1230245,B,A
09:38:02.240,600029,6.78,1100,1230480,B,A
09:38:02.300,600029,6.78,1300,1230569,B,A
09:38:02.300,600029,6.78,1300,1230572,B,A
09:38:02.300,600029,6.78,1400,1230573,B,A
09:38:02.300,600029,6.78,300,1230582,B,A
09:38:02.330,600029,6.78,1400,1230610,B,A
09:38:02.630,600029,6.78,300,1230582,B,D
09:38:02.840,600029,6.79,800,1161721,S,D
09:38:02.840,600029,6.79,200,1163805,S,D
09:38:02.840,600029,6.99,900,1231648,S,A
09:38:02.870,600029,7.05,800,1231657,S,A
09:38:03.320,600029,6.81,800,1216720,S,D
09:38:03.410,600029,7.08,1500,1232649,S,A
09:38:03.520,600029,7.45,100,1232865,S,A
09:38:04.210,600029,6.78,300,1233833,B,A
09:38:04.590,600029,6.8,500,1234256,S,A
09:38:05.170,600029,6.78,4100,1234928,B,A
09:38:05.710,600029,6.78,6800,1235834,B,A
09:38:06.060,600029,6.79,300,1236359,S,A
09:38:06.130,600029,6.74,2000,1236519,B,A
09:38:06.900,600029,6.5,1700,1237647,B,A
09:38:06.930,600029,6.78,100,1237689,B,A
09:38:06.990,600029,6.85,200,530431,S,D
09:38:08.050,600029,6.72,1000,1239261,B,A
09:38:08.560,600029,6.78,900,1240057,B,A
09:38:08.560,600029,6.78,800,1240101,B,A
09:38:08.560,600029,6.78,100,1240103,B,A
09:38:09.100,600029,6.77,600,1178555,B,D
09:38:09.300,600029,6.83,500,1241343,S,A
09:38:09.390,600029,6.77,200,1178618,B,D
09:38:09.420,600029,6.78,600,1241521,B,A
09:38:09.450,600029,6.78,400,1241605,B,A
09:38:09.450,600029,6.78,500,1241606,B,A
09:38:09.910,600029,6.83,6600,1242280,S,A
09:38:10.350,600029,7.3,1000,1242902,S,A
09:38:10.470,600029,6.8,1000,1243051,S,A
09:38:10.500,600029,6.77,5000,1243094,B,A
09:38:10.720,600029,6.78,200,1243374,B,A
09:38:10.780,600029,6.39,1000,1243451,B,A
09:38:11.210,600029,6.78,700,1244117,B,A
09:38:11.580,600029,7.0,2600,1244825,S,A
09:38:11.940,600029,6.77,2400,1178630,B,D
09:38:12.060,600029,6.79,100,1245895,S,A
09:38:12.520,600029,6.78,3700,1246695,B,A
09:38:12.610,600029,6.78,100,1246960,B,A
09:38:12.720,600029,7.48,4200,145165,S,D
09:38:12.970,600029,6.83,200,1247509,S,A
09:38:13.220,600029,6.35,100,1247807,B,A
09:38:13.520,600029,7.0,1400,1248234,S,A
09:38:13.580,600029,6.99,10000,1248324,S,A
09:38:14.180,600029,6.78,100,1249042,B,A
09:38:14.600,600029,6.79,100,1249799,S,A
09:38:15.240,600029,6.77,1500,1064585,B,D
09:38:16.200,600029,6.78,4400,1252531,B,A
09:38:16.400,600029,6.79,2000,1252864,S,A
09:38:17.170,600029,6.78,6700,1253877,B,A
